
<ns0:record xsi:schemaLocation="http://www.loc.gov/MARC21/slim http://www.loc.gov/standards/marcxml/schema/MARC21slim.xsd"><ns0:leader>00806caa a2200217 c 4500</ns0:leader><ns0:controlfield tag="005">20190130105444.0</ns0:controlfield><ns0:controlfield tag="007">ta</ns0:controlfield><ns0:controlfield tag="008">130806s1983    xx#|||||||||||000|u|nno| </ns0:controlfield><ns0:controlfield tag="001">991201962394702201</ns0:controlfield><ns0:datafield ind1=" " ind2=" " tag="035"><ns0:subfield code="a">120196239-47bibsys_network</ns0:subfield></ns0:datafield><ns0:datafield ind1=" " ind2=" " tag="035"><ns0:subfield code="a">(NO-TrBIB)120196239</ns0:subfield></ns0:datafield><ns0:datafield ind1=" " ind2=" " tag="040"><ns0:subfield code="a">NO-OsNB</ns0:subfield><ns0:subfield code="b">nob</ns0:subfield><ns0:subfield code="e">katreg</ns0:subfield></ns0:datafield><ns0:datafield ind1="1" ind2=" " tag="100"><ns0:subfield code="a">Myklebost, Gunnar</ns0:subfield><ns0:subfield code="d">1949-</ns0:subfield><ns0:subfield code="0">(NO-TrBIB)4072623</ns0:subfield></ns0:datafield><ns0:datafield ind1="1" ind2="0" tag="245"><ns0:subfield code="a">Er litteratur "spegling" eller "skaping"? :</ns0:subfield><ns0:subfield code="b">tankar kring omtalen av Amtmandens Døttre i Willy Dahls litteraturhistorie</ns0:subfield><ns0:subfield code="c">Gunnar Myklebost</ns0:subfield></ns0:datafield><ns0:datafield ind1=" " ind2=" " tag="260"><ns0:subfield code="c">1983</ns0:subfield></ns0:datafield><ns0:datafield ind1=" " ind2=" " tag="300"><ns0:subfield code="a">S. 204-[220]</ns0:subfield></ns0:datafield><ns0:datafield ind1="1" ind2="7" tag="600"><ns0:subfield code="a">Dahl, Willy</ns0:subfield><ns0:subfield code="d">1927-</ns0:subfield><ns0:subfield code="t">Norges litteratur</ns0:subfield><ns0:subfield code="0">(NO-TrBIB)90056835</ns0:subfield><ns0:subfield code="2">bare</ns0:subfield></ns0:datafield><ns0:datafield ind1="1" ind2="7" tag="600"><ns0:subfield code="a">Collett, Camilla</ns0:subfield><ns0:subfield code="d">1813-1895</ns0:subfield><ns0:subfield code="t">Amtmandens Døttre</ns0:subfield><ns0:subfield code="0">(NO-TrBIB)90091665</ns0:subfield><ns0:subfield code="2">bare</ns0:subfield></ns0:datafield><ns0:datafield ind1="0" ind2=" " tag="773"><ns0:subfield code="t">Norsk litterær årbok</ns0:subfield><ns0:subfield code="d">Oslo : Samlaget</ns0:subfield><ns0:subfield code="g">1983</ns0:subfield><ns0:subfield code="x">0078-1266</ns0:subfield><ns0:subfield code="w">998121599004702201</ns0:subfield></ns0:datafield><ns0:datafield ind1=" " ind2=" " tag="901"><ns0:subfield code="a">80</ns0:subfield></ns0:datafield><ns0:datafield ind1=" " ind2=" " tag="913"><ns0:subfield code="a">Collett</ns0:subfield><ns0:subfield code="b">NB</ns0:subfield></ns0:datafield></ns0:record>