
<ns0:record xsi:schemaLocation="http://www.loc.gov/MARC21/slim http://www.loc.gov/standards/marcxml/schema/MARC21slim.xsd"><ns0:leader>00996caa a2200265 c 4500</ns0:leader><ns0:controlfield tag="005">20211116072053.0</ns0:controlfield><ns0:controlfield tag="007">ta</ns0:controlfield><ns0:controlfield tag="008">130806s2004    no ||||||o   |000|0|nob| </ns0:controlfield><ns0:controlfield tag="001">991202001204702201</ns0:controlfield><ns0:datafield ind1=" " ind2=" " tag="035"><ns0:subfield code="a">120200120-47bibsys_network</ns0:subfield></ns0:datafield><ns0:datafield ind1=" " ind2=" " tag="035"><ns0:subfield code="a">(NO-TrBIB)120200120</ns0:subfield></ns0:datafield><ns0:datafield ind1=" " ind2=" " tag="040"><ns0:subfield code="a">NO-OsNB</ns0:subfield><ns0:subfield code="b">nob</ns0:subfield><ns0:subfield code="e">katreg</ns0:subfield></ns0:datafield><ns0:datafield ind1="1" ind2=" " tag="100"><ns0:subfield code="a">Waagaard, Mari Beinset</ns0:subfield><ns0:subfield code="0">(NO-TrBIB)12002332</ns0:subfield><ns0:subfield code="4">rev</ns0:subfield></ns0:datafield><ns0:datafield ind1="1" ind2="1" tag="245"><ns0:subfield code="a">[Anmeldelse av Kristin Ørjasæter: Camilla]</ns0:subfield><ns0:subfield code="c">Mari Beinset Waagaard</ns0:subfield></ns0:datafield><ns0:datafield ind1=" " ind2=" " tag="260"><ns0:subfield code="c">2004</ns0:subfield></ns0:datafield><ns0:datafield ind1=" " ind2=" " tag="300"><ns0:subfield code="a">S. 61-62</ns0:subfield></ns0:datafield><ns0:datafield ind1=" " ind2=" " tag="500"><ns0:subfield code="a">Tittel laget av katalogisator</ns0:subfield></ns0:datafield><ns0:datafield ind1=" " ind2="7" tag="655"><ns0:subfield code="a">Bokanmeldelser</ns0:subfield><ns0:subfield code="0">https://id.nb.no/vocabulary/ntsf/41</ns0:subfield><ns0:subfield code="2">ntsf</ns0:subfield></ns0:datafield><ns0:datafield ind1=" " ind2="7" tag="655"><ns0:subfield code="a">Tidsskriftartikler</ns0:subfield><ns0:subfield code="0">https://id.nb.no/vocabulary/ntsf/308</ns0:subfield><ns0:subfield code="2">ntsf</ns0:subfield></ns0:datafield><ns0:datafield ind1="1" ind2="7" tag="600"><ns0:subfield code="a">Ørjasæter, Kristin</ns0:subfield><ns0:subfield code="d">1959-</ns0:subfield><ns0:subfield code="t">Camilla</ns0:subfield><ns0:subfield code="0">(NO-TrBIB)90358195</ns0:subfield><ns0:subfield code="2">bare</ns0:subfield></ns0:datafield><ns0:datafield ind1="1" ind2="7" tag="600"><ns0:subfield code="a">Collett, Camilla</ns0:subfield><ns0:subfield code="d">1813-1895</ns0:subfield><ns0:subfield code="0">(NO-TrBIB)90091665</ns0:subfield><ns0:subfield code="2">bare</ns0:subfield></ns0:datafield><ns0:datafield ind1="0" ind2=" " tag="773"><ns0:subfield code="t">Norsklæreren</ns0:subfield><ns0:subfield code="d">Bergen : Fagbokforl.</ns0:subfield><ns0:subfield code="g">28(2004)nr. 3</ns0:subfield><ns0:subfield code="x">0332-7264</ns0:subfield><ns0:subfield code="w">998021064804702201</ns0:subfield></ns0:datafield><ns0:datafield ind1=" " ind2=" " tag="901"><ns0:subfield code="a">80</ns0:subfield></ns0:datafield><ns0:datafield ind1=" " ind2=" " tag="913"><ns0:subfield code="a">Norart</ns0:subfield><ns0:subfield code="b">NB</ns0:subfield></ns0:datafield><ns0:datafield ind1=" " ind2=" " tag="913"><ns0:subfield code="a">Collett</ns0:subfield><ns0:subfield code="b">NB</ns0:subfield></ns0:datafield></ns0:record>