
<ns0:record xsi:schemaLocation="http://www.loc.gov/MARC21/slim http://www.loc.gov/standards/marcxml/schema/MARC21slim.xsd"><ns0:leader>00777caa a2200229 c 4500</ns0:leader><ns0:controlfield tag="005">20190130105445.0</ns0:controlfield><ns0:controlfield tag="007">ta</ns0:controlfield><ns0:controlfield tag="008">130806s2000    xx#|||||||||||000|0|nob| </ns0:controlfield><ns0:controlfield tag="001">991202083184702201</ns0:controlfield><ns0:datafield ind1=" " ind2=" " tag="035"><ns0:subfield code="a">120208318-47bibsys_network</ns0:subfield></ns0:datafield><ns0:datafield ind1=" " ind2=" " tag="035"><ns0:subfield code="a">(NO-TrBIB)120208318</ns0:subfield></ns0:datafield><ns0:datafield ind1=" " ind2=" " tag="040"><ns0:subfield code="a">NO-OsNB</ns0:subfield><ns0:subfield code="b">nob</ns0:subfield><ns0:subfield code="e">katreg</ns0:subfield></ns0:datafield><ns0:datafield ind1="7" ind2="4" tag="082"><ns0:subfield code="a">839.823</ns0:subfield><ns0:subfield code="q">NO-OsNB</ns0:subfield><ns0:subfield code="2">5/nor</ns0:subfield></ns0:datafield><ns0:datafield ind1="1" ind2=" " tag="100"><ns0:subfield code="a">Hagen, Aina Landsverk</ns0:subfield><ns0:subfield code="d">1977-</ns0:subfield><ns0:subfield code="0">(NO-TrBIB)5066944</ns0:subfield></ns0:datafield><ns0:datafield ind1="1" ind2="0" tag="245"><ns0:subfield code="a">Amtmandens døtre - et dannelsesprosjekt :</ns0:subfield><ns0:subfield code="b">om Camilla Collett</ns0:subfield><ns0:subfield code="c">Aina Landsverk Hagen</ns0:subfield></ns0:datafield><ns0:datafield ind1=" " ind2=" " tag="260"><ns0:subfield code="c">2000</ns0:subfield></ns0:datafield><ns0:datafield ind1=" " ind2=" " tag="300"><ns0:subfield code="a">S. 22-23</ns0:subfield><ns0:subfield code="b">ill.</ns0:subfield></ns0:datafield><ns0:datafield ind1="1" ind2="7" tag="600"><ns0:subfield code="a">Collett, Camilla</ns0:subfield><ns0:subfield code="d">1813-1895</ns0:subfield><ns0:subfield code="t">Amtmandens Døttre</ns0:subfield><ns0:subfield code="0">(NO-TrBIB)90091665</ns0:subfield><ns0:subfield code="2">bare</ns0:subfield></ns0:datafield><ns0:datafield ind1="0" ind2=" " tag="773"><ns0:subfield code="t">Kvinnejournalen (Oslo). </ns0:subfield><ns0:subfield code="d">Oslo : Kvinnefronten</ns0:subfield><ns0:subfield code="g">2000 nr. 1</ns0:subfield><ns0:subfield code="x">0800-6563</ns0:subfield><ns0:subfield code="w">998221630714702201</ns0:subfield></ns0:datafield><ns0:datafield ind1=" " ind2=" " tag="901"><ns0:subfield code="a">80</ns0:subfield></ns0:datafield><ns0:datafield ind1=" " ind2=" " tag="913"><ns0:subfield code="a">Norart</ns0:subfield><ns0:subfield code="b">NB</ns0:subfield></ns0:datafield><ns0:datafield ind1=" " ind2=" " tag="913"><ns0:subfield code="a">Collett</ns0:subfield><ns0:subfield code="b">NB</ns0:subfield></ns0:datafield></ns0:record>