
<ns0:record xsi:schemaLocation="http://www.loc.gov/MARC21/slim http://www.loc.gov/standards/marcxml/schema/MARC21slim.xsd"><ns0:leader>00676cam a22002293c 4500</ns0:leader><ns0:controlfield tag="005">20160114222745.0</ns0:controlfield><ns0:controlfield tag="007">ta</ns0:controlfield><ns0:controlfield tag="008">130103s1864    xx#|||||||||||000|f|ger| </ns0:controlfield><ns0:controlfield tag="001">991205396324702201</ns0:controlfield><ns0:datafield ind1=" " ind2=" " tag="035"><ns0:subfield code="a">120539632-47bibsys_network</ns0:subfield></ns0:datafield><ns0:datafield ind1=" " ind2=" " tag="035"><ns0:subfield code="a">(NO-TrBIB)120539632</ns0:subfield></ns0:datafield><ns0:datafield ind1=" " ind2=" " tag="040"><ns0:subfield code="a">NO-OsNB</ns0:subfield><ns0:subfield code="b">nob</ns0:subfield><ns0:subfield code="e">katreg</ns0:subfield></ns0:datafield><ns0:datafield ind1="1" ind2=" " tag="041"><ns0:subfield code="h">nob</ns0:subfield></ns0:datafield><ns0:datafield ind1="1" ind2=" " tag="100"><ns0:subfield code="a">Collett, Camilla</ns0:subfield></ns0:datafield><ns0:datafield ind1="1" ind2="4" tag="245"><ns0:subfield code="a">Die Amtmanns-Töchter :</ns0:subfield><ns0:subfield code="b">eine Erzählung</ns0:subfield><ns0:subfield code="c">von Camilla Collet ; Deutch von Baronin von Kloest</ns0:subfield></ns0:datafield><ns0:datafield ind1="1" ind2=" " tag="246"><ns0:subfield code="a">Amtmandens Døttre</ns0:subfield><ns0:subfield code="i">Originaltittel</ns0:subfield></ns0:datafield><ns0:datafield ind1=" " ind2=" " tag="260"><ns0:subfield code="a">Leipzig</ns0:subfield><ns0:subfield code="b">Gerhard</ns0:subfield><ns0:subfield code="c">1864</ns0:subfield></ns0:datafield><ns0:datafield ind1=" " ind2=" " tag="300"><ns0:subfield code="a">2 b. i 1 (174, 223 s.)</ns0:subfield></ns0:datafield><ns0:datafield ind1="0" ind2=" " tag="740"><ns0:subfield code="a">Amtmandens Døtre</ns0:subfield></ns0:datafield><ns0:datafield ind1="0" ind2=" " tag="740"><ns0:subfield code="a">Amtmannens døtre</ns0:subfield></ns0:datafield><ns0:datafield ind1=" " ind2=" " tag="901"><ns0:subfield code="a">50</ns0:subfield></ns0:datafield><ns0:datafield ind1=" " ind2=" " tag="913"><ns0:subfield code="a">Collett</ns0:subfield><ns0:subfield code="b">NB</ns0:subfield></ns0:datafield></ns0:record>