
<ns0:record xsi:schemaLocation="http://www.loc.gov/MARC21/slim http://www.loc.gov/standards/marcxml/schema/MARC21slim.xsd"><ns0:leader>01168caa a2200313 c 4500</ns0:leader><ns0:controlfield tag="005">20180601130000.0</ns0:controlfield><ns0:controlfield tag="007">ta</ns0:controlfield><ns0:controlfield tag="008">130806s1906    xx#|||||||||||000|u|nob| </ns0:controlfield><ns0:controlfield tag="001">991007092494702201</ns0:controlfield><ns0:datafield ind1=" " ind2=" " tag="035"><ns0:subfield code="a">(NO-TrBIB)100709249</ns0:subfield></ns0:datafield><ns0:datafield ind1=" " ind2=" " tag="035"><ns0:subfield code="a">(NO-TrBIB)100709249</ns0:subfield></ns0:datafield><ns0:datafield ind1=" " ind2=" " tag="040"><ns0:subfield code="a">NO-OsNB</ns0:subfield><ns0:subfield code="b">nob</ns0:subfield><ns0:subfield code="e">katreg</ns0:subfield></ns0:datafield><ns0:datafield ind1="1" ind2=" " tag="100"><ns0:subfield code="a">Bjørnson, Bjørnstjerne</ns0:subfield><ns0:subfield code="d">1832-1910</ns0:subfield><ns0:subfield code="0">(NO-TrBIB)90056157</ns0:subfield></ns0:datafield><ns0:datafield ind1="1" ind2="0" tag="245"><ns0:subfield code="a">John Paulsens Bog om Henrik Ibsen er ikke fri for Feiltagelser ...</ns0:subfield><ns0:subfield code="c">B.B.</ns0:subfield></ns0:datafield><ns0:datafield ind1=" " ind2=" " tag="260"><ns0:subfield code="c">1906</ns0:subfield></ns0:datafield><ns0:datafield ind1=" " ind2=" " tag="300"><ns0:subfield code="a">ca. 1/5 sp.</ns0:subfield></ns0:datafield><ns0:datafield ind1=" " ind2=" " tag="500"><ns0:subfield code="a">Påpeking av feil i omtalen av Bjørnsons forhold til Camilla Collett</ns0:subfield></ns0:datafield><ns0:datafield ind1=" " ind2="7" tag="650"><ns0:subfield code="a">Feminisme</ns0:subfield><ns0:subfield code="2">bjornson</ns0:subfield></ns0:datafield><ns0:datafield ind1=" " ind2="7" tag="650"><ns0:subfield code="a">Feminisme</ns0:subfield><ns0:subfield code="2">collett</ns0:subfield></ns0:datafield><ns0:datafield ind1=" " ind2="7" tag="655"><ns0:subfield code="a">Avisartikkel</ns0:subfield><ns0:subfield code="2">bjornson</ns0:subfield></ns0:datafield><ns0:datafield ind1=" " ind2="7" tag="655"><ns0:subfield code="a">Avisartikkel</ns0:subfield><ns0:subfield code="2">collett</ns0:subfield></ns0:datafield><ns0:datafield ind1=" " ind2="7" tag="655"><ns0:subfield code="a">Notis</ns0:subfield><ns0:subfield code="2">bjornson</ns0:subfield></ns0:datafield><ns0:datafield ind1="1" ind2="7" tag="600"><ns0:subfield code="a">Paulsen, John</ns0:subfield><ns0:subfield code="d">1851-1924</ns0:subfield><ns0:subfield code="t">Samliv med Ibsen</ns0:subfield><ns0:subfield code="0">(NO-TrBIB)90078714</ns0:subfield><ns0:subfield code="2">bare</ns0:subfield></ns0:datafield><ns0:datafield ind1="1" ind2="7" tag="600"><ns0:subfield code="a">Collett, Camilla</ns0:subfield><ns0:subfield code="d">1813-1895</ns0:subfield><ns0:subfield code="0">(NO-TrBIB)90091665</ns0:subfield><ns0:subfield code="2">bare</ns0:subfield></ns0:datafield><ns0:datafield ind1="1" ind2="7" tag="600"><ns0:subfield code="a">Bjørnson, Bjørnstjerne</ns0:subfield><ns0:subfield code="d">1832-1910</ns0:subfield><ns0:subfield code="0">(NO-TrBIB)90056157</ns0:subfield><ns0:subfield code="2">bare</ns0:subfield></ns0:datafield><ns0:datafield ind1="0" ind2=" " tag="773"><ns0:subfield code="t">Aftenposten (morgenutg. : trykt utg.). </ns0:subfield><ns0:subfield code="b">Morgenutg.</ns0:subfield><ns0:subfield code="d">Oslo : Aftenposten A/S</ns0:subfield><ns0:subfield code="g">1906, 14/11</ns0:subfield><ns0:subfield code="x">0804-3116</ns0:subfield><ns0:subfield code="w">999431109804702201 </ns0:subfield></ns0:datafield><ns0:datafield ind1=" " ind2=" " tag="901"><ns0:subfield code="a">80</ns0:subfield></ns0:datafield><ns0:datafield ind1=" " ind2=" " tag="913"><ns0:subfield code="a">Bjørnson</ns0:subfield><ns0:subfield code="b">NB</ns0:subfield></ns0:datafield><ns0:datafield ind1=" " ind2=" " tag="913"><ns0:subfield code="a">Collett</ns0:subfield><ns0:subfield code="b">NB</ns0:subfield></ns0:datafield></ns0:record>