
<ns0:record xsi:schemaLocation="http://www.loc.gov/MARC21/slim http://www.loc.gov/standards/marcxml/schema/MARC21slim.xsd"><ns0:leader>01099cam a2200253 c 4500</ns0:leader><ns0:controlfield tag="005">20180504093905.0</ns0:controlfield><ns0:controlfield tag="007">ta</ns0:controlfield><ns0:controlfield tag="008">130806s2011    no ||||||m||||000|0|nob|c</ns0:controlfield><ns0:controlfield tag="001">991148875784702201</ns0:controlfield><ns0:datafield ind1=" " ind2=" " tag="035"><ns0:subfield code="a">114887578-47bibsys_network</ns0:subfield></ns0:datafield><ns0:datafield ind1=" " ind2=" " tag="035"><ns0:subfield code="a">(NO-TrBIB)114887578</ns0:subfield></ns0:datafield><ns0:datafield ind1=" " ind2=" " tag="040"><ns0:subfield code="a">NO-TrBIB</ns0:subfield><ns0:subfield code="b">nob</ns0:subfield><ns0:subfield code="e">katreg</ns0:subfield></ns0:datafield><ns0:datafield ind1="1" ind2=" " tag="100"><ns0:subfield code="a">Warberg, Silje</ns0:subfield><ns0:subfield code="d">1987-</ns0:subfield><ns0:subfield code="0">(NO-TrBIB)11077559</ns0:subfield><ns0:subfield code="4">aut</ns0:subfield></ns0:datafield><ns0:datafield ind1="1" ind2="4" tag="245"><ns0:subfield code="a">"En forgjæves Stirren efter Noget, som kanskje ikke er til"? :</ns0:subfield><ns0:subfield code="b">brevromanens plass og funksjon i Camilla Colletts I de lange Nætter</ns0:subfield><ns0:subfield code="c">Silje Warberg</ns0:subfield></ns0:datafield><ns0:datafield ind1=" " ind2=" " tag="260"><ns0:subfield code="a">Trondheim</ns0:subfield><ns0:subfield code="b">S. Warberg</ns0:subfield><ns0:subfield code="c">2011</ns0:subfield></ns0:datafield><ns0:datafield ind1=" " ind2=" " tag="300"><ns0:subfield code="a">VI, 107 s.</ns0:subfield></ns0:datafield><ns0:datafield ind1=" " ind2=" " tag="500"><ns0:subfield code="a">Masteroppgave i nordisk litteratur - Norges teknisk-naturvitenskapelige universitet, Institutt for nordistikk og litteraturvitenskap, Trondheim, 2011</ns0:subfield></ns0:datafield><ns0:datafield ind1=" " ind2=" " tag="653"><ns0:subfield code="a">masteroppgaver</ns0:subfield><ns0:subfield code="a">nordisk</ns0:subfield><ns0:subfield code="a">litteratur</ns0:subfield></ns0:datafield><ns0:datafield ind1=" " ind2="7" tag="655"><ns0:subfield code="a">Masteroppgave</ns0:subfield><ns0:subfield code="2">collett</ns0:subfield></ns0:datafield><ns0:datafield ind1="1" ind2="7" tag="600"><ns0:subfield code="a">Collett, Camilla</ns0:subfield><ns0:subfield code="d">1813-1895</ns0:subfield><ns0:subfield code="t">I de lange Nætter</ns0:subfield><ns0:subfield code="0">(NO-TrBIB)90091665</ns0:subfield><ns0:subfield code="2">bare</ns0:subfield></ns0:datafield><ns0:datafield ind1="2" ind2=" " tag="710"><ns0:subfield code="a">Norges teknisk-naturvitenskapelige universitet</ns0:subfield><ns0:subfield code="b">Institutt for nordistikk og litteraturvitenskap</ns0:subfield><ns0:subfield code="4">dgg</ns0:subfield><ns0:subfield code="0">(NO-TrBIB)99011186</ns0:subfield></ns0:datafield><ns0:datafield ind1=" " ind2=" " tag="901"><ns0:subfield code="a">80</ns0:subfield></ns0:datafield><ns0:datafield ind1=" " ind2=" " tag="913"><ns0:subfield code="a">Collett</ns0:subfield><ns0:subfield code="b">NB</ns0:subfield></ns0:datafield><ns0:datafield ind1=" " ind2=" " tag="917"><ns0:subfield code="a">h</ns0:subfield></ns0:datafield></ns0:record>