
<ns0:record xsi:schemaLocation="http://www.loc.gov/MARC21/slim http://www.loc.gov/standards/marcxml/schema/MARC21slim.xsd"><ns0:leader>01188ccm a22003497c 4500</ns0:leader><ns0:controlfield tag="005">20130806104847.0</ns0:controlfield><ns0:controlfield tag="007">qu</ns0:controlfield><ns0:controlfield tag="008">130806s19uu    xx#||a||||||||||||||nob|d</ns0:controlfield><ns0:controlfield tag="001">990306276134702201</ns0:controlfield><ns0:datafield ind1="2" ind2="3" tag="028"><ns0:subfield code="a">BHM 968</ns0:subfield></ns0:datafield><ns0:datafield ind1="3" ind2="3" tag="028"><ns0:subfield code="a">BHM 969</ns0:subfield></ns0:datafield><ns0:datafield ind1="3" ind2="3" tag="028"><ns0:subfield code="a">BHM 970</ns0:subfield></ns0:datafield><ns0:datafield ind1=" " ind2=" " tag="035"><ns0:subfield code="a">030627613-47bibsys_network</ns0:subfield></ns0:datafield><ns0:datafield ind1=" " ind2=" " tag="035"><ns0:subfield code="a">(NO-TrBIB)030627613</ns0:subfield></ns0:datafield><ns0:datafield ind1=" " ind2=" " tag="040"><ns0:subfield code="a">NO-TrBIB</ns0:subfield><ns0:subfield code="b">nob</ns0:subfield><ns0:subfield code="e">katreg</ns0:subfield></ns0:datafield><ns0:datafield ind1=" " ind2=" " tag="084"><ns0:subfield code="a">S 203</ns0:subfield><ns0:subfield code="2">noterlyd</ns0:subfield></ns0:datafield><ns0:datafield ind1="1" ind2=" " tag="100"><ns0:subfield code="a">Grøndahl, Agathe Backer</ns0:subfield><ns0:subfield code="d">1847-1907</ns0:subfield><ns0:subfield code="0">(NO-TrBIB)90230563</ns0:subfield></ns0:datafield><ns0:datafield ind1="1" ind2="0" tag="240"><ns0:subfield code="a">Sanger</ns0:subfield><ns0:subfield code="n">op. 49</ns0:subfield><ns0:subfield code="m">mezzo sopran, klaver</ns0:subfield></ns0:datafield><ns0:datafield ind1="1" ind2="0" tag="245"><ns0:subfield code="a">Tre sange i moll, op. 49 :</ns0:subfield><ns0:subfield code="b">for mezzo-sopran</ns0:subfield><ns0:subfield code="c">til texter af John Paulsen, Herman Bang og Camilla Collett ; med akkompagnement af piano componeret af Agathe Backer Grøndahl</ns0:subfield><ns0:subfield code="h">[musikktrykk]</ns0:subfield></ns0:datafield><ns0:datafield ind1=" " ind2=" " tag="260"><ns0:subfield code="a">Kristiania</ns0:subfield><ns0:subfield code="b">Brödrene Hals</ns0:subfield><ns0:subfield code="c">[19-]</ns0:subfield></ns0:datafield><ns0:datafield ind1=" " ind2=" " tag="300"><ns0:subfield code="a">17 s.</ns0:subfield></ns0:datafield><ns0:datafield ind1=" " ind2="1" tag="382"><ns0:subfield code="a">Klaver</ns0:subfield><ns0:subfield code="a">Mezzo sopran</ns0:subfield><ns0:subfield code="s">2</ns0:subfield><ns0:subfield code="2">emnmus</ns0:subfield></ns0:datafield><ns0:datafield ind1=" " ind2="1" tag="382"><ns0:subfield code="a">Klaver</ns0:subfield><ns0:subfield code="a">Mezzosopran</ns0:subfield><ns0:subfield code="s">2</ns0:subfield><ns0:subfield code="2">emnmus</ns0:subfield></ns0:datafield><ns0:datafield ind1=" " ind2=" " tag="500"><ns0:subfield code="a">Platenummer: BHM 968-970</ns0:subfield></ns0:datafield><ns0:datafield ind1="1" ind2=" " tag="700"><ns0:subfield code="a">Paulsen, John</ns0:subfield><ns0:subfield code="d">1851-1924</ns0:subfield><ns0:subfield code="0">(NO-TrBIB)90078714</ns0:subfield></ns0:datafield><ns0:datafield ind1="1" ind2=" " tag="700"><ns0:subfield code="a">Bang, Herman</ns0:subfield><ns0:subfield code="d">1857-1912</ns0:subfield><ns0:subfield code="0">(NO-TrBIB)90092521</ns0:subfield></ns0:datafield><ns0:datafield ind1="1" ind2=" " tag="700"><ns0:subfield code="a">Collett, Camilla</ns0:subfield><ns0:subfield code="d">1813-1895</ns0:subfield><ns0:subfield code="0">(NO-TrBIB)90091665</ns0:subfield></ns0:datafield><ns0:datafield ind1="0" ind2=" " tag="740"><ns0:subfield code="a">Til natten</ns0:subfield></ns0:datafield><ns0:datafield ind1="0" ind2=" " tag="740"><ns0:subfield code="a">Der kommer de aar</ns0:subfield></ns0:datafield><ns0:datafield ind1="0" ind2=" " tag="740"><ns0:subfield code="a">En döende</ns0:subfield></ns0:datafield><ns0:datafield ind1=" " ind2=" " tag="901"><ns0:subfield code="a">60</ns0:subfield></ns0:datafield><ns0:datafield ind1=" " ind2=" " tag="913"><ns0:subfield code="a">Collett</ns0:subfield><ns0:subfield code="b">NB</ns0:subfield></ns0:datafield></ns0:record>