
<ns0:record xsi:schemaLocation="http://www.loc.gov/MARC21/slim http://www.loc.gov/standards/marcxml/schema/MARC21slim.xsd"><ns0:leader>01078cam a2200337 c 4500</ns0:leader><ns0:controlfield tag="005">20211101232800.0</ns0:controlfield><ns0:controlfield tag="007">ta</ns0:controlfield><ns0:controlfield tag="007">cr||||||||||||</ns0:controlfield><ns0:controlfield tag="008">130806s1860    no#||||| |||||000|p|nob| </ns0:controlfield><ns0:controlfield tag="001">990313325874702201</ns0:controlfield><ns0:datafield ind1=" " ind2=" " tag="015"><ns0:subfield code="a">1400031</ns0:subfield><ns0:subfield code="2">nbf</ns0:subfield></ns0:datafield><ns0:datafield ind1=" " ind2=" " tag="035"><ns0:subfield code="a">031332587-47bibsys_network</ns0:subfield></ns0:datafield><ns0:datafield ind1=" " ind2=" " tag="035"><ns0:subfield code="a">(NO-TrBIB)031332587</ns0:subfield></ns0:datafield><ns0:datafield ind1=" " ind2=" " tag="035"><ns0:subfield code="a">(NO-TrBIB)092899803</ns0:subfield></ns0:datafield><ns0:datafield ind1=" " ind2=" " tag="040"><ns0:subfield code="a">NO-OsNB</ns0:subfield><ns0:subfield code="b">nob</ns0:subfield><ns0:subfield code="e">katreg</ns0:subfield></ns0:datafield><ns0:datafield ind1=" " ind2=" " tag="044"><ns0:subfield code="c">no</ns0:subfield></ns0:datafield><ns0:datafield ind1="1" ind2=" " tag="100"><ns0:subfield code="a">Collett, Camilla</ns0:subfield><ns0:subfield code="d">1813-1895</ns0:subfield><ns0:subfield code="0">(NO-TrBIB)90091665</ns0:subfield></ns0:datafield><ns0:datafield ind1="1" ind2="4" tag="245"><ns0:subfield code="a">Den 2 April 1860</ns0:subfield></ns0:datafield><ns0:datafield ind1=" " ind2=" " tag="260"><ns0:subfield code="a">[S.l.]</ns0:subfield><ns0:subfield code="b">[s.n.]</ns0:subfield><ns0:subfield code="c">1860</ns0:subfield></ns0:datafield><ns0:datafield ind1=" " ind2=" " tag="300"><ns0:subfield code="a">[5] bl.</ns0:subfield></ns0:datafield><ns0:datafield ind1=" " ind2=" " tag="500"><ns0:subfield code="a">Forfatterens navn tilføyet med penn</ns0:subfield></ns0:datafield><ns0:datafield ind1=" " ind2=" " tag="500"><ns0:subfield code="a">Dikt</ns0:subfield></ns0:datafield><ns0:datafield ind1=" " ind2=" " tag="500"><ns0:subfield code="a">1. linje: Paa Livets mørke Sø</ns0:subfield></ns0:datafield><ns0:datafield ind1=" " ind2=" " tag="533"><ns0:subfield code="a">Elektronisk reproduksjon</ns0:subfield><ns0:subfield code="b">[Norge]</ns0:subfield><ns0:subfield code="c">Nasjonalbiblioteket Digital</ns0:subfield><ns0:subfield code="d">2009-08-09</ns0:subfield></ns0:datafield><ns0:datafield ind1="4" ind2=" " tag="740"><ns0:subfield code="a">Den andre April 1860</ns0:subfield></ns0:datafield><ns0:datafield ind1="4" ind2=" " tag="740"><ns0:subfield code="a">Den 2. April 1860</ns0:subfield></ns0:datafield><ns0:datafield ind1="0" ind2=" " tag="740"><ns0:subfield code="a">Paa Livets mørke Sø</ns0:subfield></ns0:datafield><ns0:datafield ind1="4" ind2="1" tag="856"><ns0:subfield code="3">Fulltekst</ns0:subfield><ns0:subfield code="u">https://www.nb.no/search?q=oaiid:"oai:nb.bibsys.no:990313325874702202"&amp;mediatype=bøker</ns0:subfield><ns0:subfield code="y">Nettbiblioteket</ns0:subfield><ns0:subfield code="z">Søke-URL</ns0:subfield></ns0:datafield><ns0:datafield ind1=" " ind2=" " tag="901"><ns0:subfield code="a">80</ns0:subfield></ns0:datafield><ns0:datafield ind1=" " ind2=" " tag="913"><ns0:subfield code="a">Collett</ns0:subfield><ns0:subfield code="b">NB</ns0:subfield></ns0:datafield><ns0:datafield ind1=" " ind2=" " tag="913"><ns0:subfield code="a">Norbok</ns0:subfield><ns0:subfield code="b">NB</ns0:subfield></ns0:datafield></ns0:record>