
<ns0:record xsi:schemaLocation="http://www.loc.gov/MARC21/slim http://www.loc.gov/standards/marcxml/schema/MARC21slim.xsd"><ns0:leader>00707cam a2200229 c 4500</ns0:leader><ns0:controlfield tag="005">20180503123613.0</ns0:controlfield><ns0:controlfield tag="007">ta</ns0:controlfield><ns0:controlfield tag="008">150309s1968    xx |||||||||||000|u|nob|d</ns0:controlfield><ns0:controlfield tag="001">990116003304702201</ns0:controlfield><ns0:datafield ind1=" " ind2=" " tag="035"><ns0:subfield code="a">011600330-47bibsys_network</ns0:subfield></ns0:datafield><ns0:datafield ind1=" " ind2=" " tag="035"><ns0:subfield code="a">(NO-TrBIB)011600330</ns0:subfield></ns0:datafield><ns0:datafield ind1=" " ind2=" " tag="040"><ns0:subfield code="a">NO-TrBIB</ns0:subfield><ns0:subfield code="b">nob</ns0:subfield><ns0:subfield code="e">katreg</ns0:subfield></ns0:datafield><ns0:datafield ind1="1" ind2=" " tag="100"><ns0:subfield code="a">Borgen, Ågot</ns0:subfield><ns0:subfield code="0">(NO-TrBIB)11082917</ns0:subfield><ns0:subfield code="4">aut</ns0:subfield></ns0:datafield><ns0:datafield ind1="1" ind2="0" tag="245"><ns0:subfield code="a">Camilla Collett og hennes tanker om kvinnens frigjøring ut fra "Amtmannens døtre"</ns0:subfield></ns0:datafield><ns0:datafield ind1=" " ind2=" " tag="260"><ns0:subfield code="a">Oslo</ns0:subfield><ns0:subfield code="b">Statens bibliotekskole</ns0:subfield><ns0:subfield code="c">1968</ns0:subfield></ns0:datafield><ns0:datafield ind1=" " ind2=" " tag="300"><ns0:subfield code="a">15 bl.</ns0:subfield></ns0:datafield><ns0:datafield ind1=" " ind2="7" tag="655"><ns0:subfield code="a">Studentarbeid</ns0:subfield><ns0:subfield code="2">norvok</ns0:subfield></ns0:datafield><ns0:datafield ind1=" " ind2="7" tag="650"><ns0:subfield code="a">Feminisme</ns0:subfield><ns0:subfield code="2">norvok</ns0:subfield></ns0:datafield><ns0:datafield ind1="1" ind2="7" tag="600"><ns0:subfield code="a">Collett, Camilla</ns0:subfield><ns0:subfield code="d">1813-1895</ns0:subfield><ns0:subfield code="t">Amtmandens Døttre</ns0:subfield><ns0:subfield code="0">(NO-TrBIB)90091665</ns0:subfield><ns0:subfield code="2">bare</ns0:subfield></ns0:datafield><ns0:datafield ind1=" " ind2=" " tag="901"><ns0:subfield code="a">80</ns0:subfield></ns0:datafield><ns0:datafield ind1=" " ind2=" " tag="913"><ns0:subfield code="a">Collett</ns0:subfield><ns0:subfield code="b">NB</ns0:subfield></ns0:datafield><ns0:datafield ind1=" " ind2=" " tag="917"><ns0:subfield code="a">s</ns0:subfield></ns0:datafield></ns0:record>