
<ns0:record xsi:schemaLocation="http://www.loc.gov/MARC21/slim http://www.loc.gov/standards/marcxml/schema/MARC21slim.xsd"><ns0:leader>00901cam a22002297c 4500</ns0:leader><ns0:controlfield tag="005">20180509071219.0</ns0:controlfield><ns0:controlfield tag="007">ta</ns0:controlfield><ns0:controlfield tag="008">130806s1992    no a||||||||||000|0|nob|c</ns0:controlfield><ns0:controlfield tag="001">990211090524702201</ns0:controlfield><ns0:datafield ind1=" " ind2=" " tag="035"><ns0:subfield code="a">021109052-47bibsys_network</ns0:subfield></ns0:datafield><ns0:datafield ind1=" " ind2=" " tag="035"><ns0:subfield code="a">(NO-TrBIB)021109052</ns0:subfield></ns0:datafield><ns0:datafield ind1=" " ind2=" " tag="040"><ns0:subfield code="a">NO-TrBIB</ns0:subfield><ns0:subfield code="b">nob</ns0:subfield><ns0:subfield code="e">katreg</ns0:subfield></ns0:datafield><ns0:datafield ind1="0" ind2="0" tag="245"><ns0:subfield code="a">Norges Bank presenterer norske pengesedler i utgave VI :</ns0:subfield><ns0:subfield code="b">Aasmund Olavson Vinje, Camilla Collett, Edvard Grieg og Christian Magnus Falsen setter sitt preg på pengesedlene</ns0:subfield></ns0:datafield><ns0:datafield ind1=" " ind2=" " tag="260"><ns0:subfield code="a">Oslo</ns0:subfield><ns0:subfield code="b">Norges Bank</ns0:subfield><ns0:subfield code="c">1992</ns0:subfield></ns0:datafield><ns0:datafield ind1=" " ind2=" " tag="300"><ns0:subfield code="a">4 bl.</ns0:subfield></ns0:datafield><ns0:datafield ind1="1" ind2="7" tag="600"><ns0:subfield code="a">Collett, Camilla</ns0:subfield><ns0:subfield code="d">1813-1895</ns0:subfield><ns0:subfield code="0">(NO-TrBIB)90091665</ns0:subfield><ns0:subfield code="2">bare</ns0:subfield></ns0:datafield><ns0:datafield ind1="1" ind2="7" tag="600"><ns0:subfield code="a">Vinje, A.O.</ns0:subfield><ns0:subfield code="d">1818-1870</ns0:subfield><ns0:subfield code="q">(Aasmund Olavsson)</ns0:subfield><ns0:subfield code="0">(NO-TrBIB)90085077</ns0:subfield><ns0:subfield code="2">bare</ns0:subfield></ns0:datafield><ns0:datafield ind1="1" ind2="7" tag="600"><ns0:subfield code="a">Grieg, Edvard</ns0:subfield><ns0:subfield code="d">1843-1907</ns0:subfield><ns0:subfield code="0">(NO-TrBIB)90054680</ns0:subfield><ns0:subfield code="2">bare</ns0:subfield></ns0:datafield><ns0:datafield ind1="1" ind2="7" tag="600"><ns0:subfield code="a">Falsen, Christian Magnus</ns0:subfield><ns0:subfield code="d">1782-1830</ns0:subfield><ns0:subfield code="0">(NO-TrBIB)90200762</ns0:subfield><ns0:subfield code="2">bare</ns0:subfield></ns0:datafield><ns0:datafield ind1="2" ind2=" " tag="710"><ns0:subfield code="a">Norges bank</ns0:subfield><ns0:subfield code="0">(NO-TrBIB)90078603</ns0:subfield><ns0:subfield code="4">pbl</ns0:subfield></ns0:datafield><ns0:datafield ind1=" " ind2=" " tag="901"><ns0:subfield code="a">60</ns0:subfield></ns0:datafield><ns0:datafield ind1=" " ind2=" " tag="913"><ns0:subfield code="a">Collett</ns0:subfield><ns0:subfield code="b">NB</ns0:subfield></ns0:datafield></ns0:record>