
<ns0:record xsi:schemaLocation="http://www.loc.gov/MARC21/slim http://www.loc.gov/standards/marcxml/schema/MARC21slim.xsd"><ns0:leader>01206ccm a22003377c 4500</ns0:leader><ns0:controlfield tag="005">20190408095258.0</ns0:controlfield><ns0:controlfield tag="007">qu</ns0:controlfield><ns0:controlfield tag="008">140528s1915    no ||l||||||||||||||nob| </ns0:controlfield><ns0:controlfield tag="001">991128464404702201</ns0:controlfield><ns0:datafield ind1="2" ind2=" " tag="024"><ns0:subfield code="c">Nkr. 1,00</ns0:subfield></ns0:datafield><ns0:datafield ind1="3" ind2="3" tag="028"><ns0:subfield code="a">4531, 4530</ns0:subfield></ns0:datafield><ns0:datafield ind1=" " ind2=" " tag="035"><ns0:subfield code="a">112846440-47bibsys_network</ns0:subfield></ns0:datafield><ns0:datafield ind1=" " ind2=" " tag="035"><ns0:subfield code="a">(NO-TrBIB)112846440</ns0:subfield></ns0:datafield><ns0:datafield ind1=" " ind2=" " tag="040"><ns0:subfield code="a">NO-OsNB</ns0:subfield><ns0:subfield code="b">nob</ns0:subfield><ns0:subfield code="e">katreg</ns0:subfield></ns0:datafield><ns0:datafield ind1="0" ind2="4" tag="082"><ns0:subfield code="2">23/nor</ns0:subfield><ns0:subfield code="q">NO-OsNB</ns0:subfield></ns0:datafield><ns0:datafield ind1="1" ind2=" " tag="100"><ns0:subfield code="a">Heber, Judith</ns0:subfield><ns0:subfield code="0">(NO-TrBIB)8053536</ns0:subfield><ns0:subfield code="4">cmp</ns0:subfield></ns0:datafield><ns0:datafield ind1="1" ind2="0" tag="240"><ns0:subfield code="a">Sanger</ns0:subfield><ns0:subfield code="m">sang</ns0:subfield><ns0:subfield code="m">klaver</ns0:subfield><ns0:subfield code="n">op. 2, nr. 3-4</ns0:subfield></ns0:datafield><ns0:datafield ind1="1" ind2="3" tag="245"><ns0:subfield code="a">Fire sange,  op. 2, [nr. 3-4]</ns0:subfield><ns0:subfield code="h">[musikktrykk]</ns0:subfield><ns0:subfield code="c">til tekster af Camilla Collett og Sigrid Undset ; [musik] af Judith Heber</ns0:subfield></ns0:datafield><ns0:datafield ind1="3" ind2=" " tag="246"><ns0:subfield code="a">4 sange,  op. 2, [nr. 3-4]</ns0:subfield></ns0:datafield><ns0:datafield ind1=" " ind2=" " tag="260"><ns0:subfield code="a">Kristiania</ns0:subfield><ns0:subfield code="b">Norsk musikforl.</ns0:subfield><ns0:subfield code="c">[1915]</ns0:subfield></ns0:datafield><ns0:datafield ind1=" " ind2=" " tag="300"><ns0:subfield code="a">1 partitur (7 s.)</ns0:subfield><ns0:subfield code="c">34 cm</ns0:subfield></ns0:datafield><ns0:datafield ind1="0" ind2="1" tag="382"><ns0:subfield code="a">Sang</ns0:subfield><ns0:subfield code="n">1</ns0:subfield><ns0:subfield code="a">Klaver</ns0:subfield><ns0:subfield code="n">1</ns0:subfield><ns0:subfield code="s">2</ns0:subfield><ns0:subfield code="2">emnmus</ns0:subfield></ns0:datafield><ns0:datafield ind1=" " ind2=" " tag="500"><ns0:subfield code="a">For sang og klaver</ns0:subfield></ns0:datafield><ns0:datafield ind1=" " ind2=" " tag="500"><ns0:subfield code="a">Edisjonsnummer: 4530, 4531</ns0:subfield></ns0:datafield><ns0:datafield ind1="8" ind2=" " tag="505"><ns0:subfield code="a">Innhold: En døende / Camilla Collett. Sorgen / Sigrid Undset</ns0:subfield></ns0:datafield><ns0:datafield ind1="1" ind2="2" tag="700"><ns0:subfield code="a">Collett, Camilla</ns0:subfield><ns0:subfield code="d">1813-1895</ns0:subfield><ns0:subfield code="t">En døende</ns0:subfield><ns0:subfield code="0">(NO-TrBIB)90091665</ns0:subfield><ns0:subfield code="4">aut</ns0:subfield></ns0:datafield><ns0:datafield ind1="1" ind2="2" tag="700"><ns0:subfield code="a">Undset, Sigrid</ns0:subfield><ns0:subfield code="d">1882-1949</ns0:subfield><ns0:subfield code="t">Sorgen</ns0:subfield><ns0:subfield code="0">(NO-TrBIB)90055527</ns0:subfield><ns0:subfield code="4">aut</ns0:subfield></ns0:datafield><ns0:datafield ind1="3" ind2=" " tag="740"><ns0:subfield code="a">En døende</ns0:subfield></ns0:datafield><ns0:datafield ind1=" " ind2=" " tag="913"><ns0:subfield code="a">Collett</ns0:subfield><ns0:subfield code="b">NB</ns0:subfield></ns0:datafield><ns0:datafield ind1=" " ind2=" " tag="913"><ns0:subfield code="a">Musikk</ns0:subfield><ns0:subfield code="b">NB</ns0:subfield></ns0:datafield><ns0:datafield ind1=" " ind2=" " tag="913"><ns0:subfield code="a">Nornoter</ns0:subfield><ns0:subfield code="b">NB</ns0:subfield></ns0:datafield></ns0:record>