
<ns0:record xsi:schemaLocation="http://www.loc.gov/MARC21/slim http://www.loc.gov/standards/marcxml/schema/MARC21slim.xsd"><ns0:leader>01120cam a2200337 c 4500</ns0:leader><ns0:controlfield tag="005">20170124093555.0</ns0:controlfield><ns0:controlfield tag="007">ta</ns0:controlfield><ns0:controlfield tag="008">150619s2011    xx#|||||||||||000|f|swe| </ns0:controlfield><ns0:controlfield tag="001">991110258774702201</ns0:controlfield><ns0:datafield ind1=" " ind2=" " tag="015"><ns0:subfield code="a">1118648</ns0:subfield><ns0:subfield code="2">nbf</ns0:subfield></ns0:datafield><ns0:datafield ind1=" " ind2=" " tag="020"><ns0:subfield code="a">9789100124076</ns0:subfield><ns0:subfield code="q">h.</ns0:subfield></ns0:datafield><ns0:datafield ind1=" " ind2=" " tag="035"><ns0:subfield code="a">111025877-47bibsys_network</ns0:subfield></ns0:datafield><ns0:datafield ind1=" " ind2=" " tag="035"><ns0:subfield code="a">(NO-TrBIB)111025877</ns0:subfield></ns0:datafield><ns0:datafield ind1=" " ind2=" " tag="040"><ns0:subfield code="a">NO-OsNB</ns0:subfield><ns0:subfield code="b">nob</ns0:subfield><ns0:subfield code="e">katreg</ns0:subfield></ns0:datafield><ns0:datafield ind1="1" ind2=" " tag="041"><ns0:subfield code="h">nob</ns0:subfield></ns0:datafield><ns0:datafield ind1=" " ind2=" " tag="042"><ns0:subfield code="a">norbibl</ns0:subfield></ns0:datafield><ns0:datafield ind1=" " ind2=" " tag="044"><ns0:subfield code="c">se</ns0:subfield></ns0:datafield><ns0:datafield ind1="7" ind2="4" tag="082"><ns0:subfield code="a">839.823</ns0:subfield><ns0:subfield code="q">NO-OsNB</ns0:subfield><ns0:subfield code="2">5/nor</ns0:subfield></ns0:datafield><ns0:datafield ind1="1" ind2=" " tag="100"><ns0:subfield code="a">Dahl, Niels Fredrik</ns0:subfield><ns0:subfield code="d">1957-</ns0:subfield><ns0:subfield code="0">(NO-TrBIB)90090747</ns0:subfield></ns0:datafield><ns0:datafield ind1="1" ind2="0" tag="245"><ns0:subfield code="a">Herre :</ns0:subfield><ns0:subfield code="b">roman</ns0:subfield><ns0:subfield code="c">Niels Fredrik Dahl ; översättning: Urban Andersson</ns0:subfield></ns0:datafield><ns0:datafield ind1="1" ind2=" " tag="246"><ns0:subfield code="a">Herre</ns0:subfield><ns0:subfield code="i">Originaltittel</ns0:subfield></ns0:datafield><ns0:datafield ind1=" " ind2=" " tag="260"><ns0:subfield code="a">[Stockholm]</ns0:subfield><ns0:subfield code="b">Bonnier</ns0:subfield><ns0:subfield code="c">2011</ns0:subfield></ns0:datafield><ns0:datafield ind1=" " ind2=" " tag="300"><ns0:subfield code="a">384 s.</ns0:subfield></ns0:datafield><ns0:datafield ind1=" " ind2=" " tag="500"><ns0:subfield code="a">Roman om: Bernhard Herre, Camilla Wergeland, Johan Sebastian Welhaven</ns0:subfield></ns0:datafield><ns0:datafield ind1="1" ind2="7" tag="600"><ns0:subfield code="a">Collett, Camilla</ns0:subfield><ns0:subfield code="d">1813-1895</ns0:subfield><ns0:subfield code="0">(NO-TrBIB)90091665</ns0:subfield><ns0:subfield code="2">bare</ns0:subfield></ns0:datafield><ns0:datafield ind1="1" ind2="7" tag="600"><ns0:subfield code="a">Herre, Bernhard</ns0:subfield><ns0:subfield code="d">1812-1849</ns0:subfield><ns0:subfield code="0">(NO-TrBIB)90658697</ns0:subfield><ns0:subfield code="2">bare</ns0:subfield></ns0:datafield><ns0:datafield ind1="1" ind2="7" tag="600"><ns0:subfield code="a">Welhaven, J.S.</ns0:subfield><ns0:subfield code="d">1807-1873</ns0:subfield><ns0:subfield code="q">(Johan Sebastian)</ns0:subfield><ns0:subfield code="0">(NO-TrBIB)90087769</ns0:subfield><ns0:subfield code="2">bare</ns0:subfield></ns0:datafield><ns0:datafield ind1="1" ind2=" " tag="700"><ns0:subfield code="a">Andersson, Urban</ns0:subfield><ns0:subfield code="d">1938-2019</ns0:subfield><ns0:subfield code="4">trl</ns0:subfield><ns0:subfield code="0">(NO-TrBIB)6011486</ns0:subfield></ns0:datafield><ns0:datafield ind1=" " ind2=" " tag="901"><ns0:subfield code="a">90</ns0:subfield></ns0:datafield><ns0:datafield ind1=" " ind2=" " tag="913"><ns0:subfield code="a">Collett</ns0:subfield><ns0:subfield code="b">NB</ns0:subfield></ns0:datafield><ns0:datafield ind1=" " ind2=" " tag="913"><ns0:subfield code="a">Norbok</ns0:subfield><ns0:subfield code="b">NB</ns0:subfield></ns0:datafield></ns0:record>