
<ns0:record xsi:schemaLocation="http://www.loc.gov/MARC21/slim http://www.loc.gov/standards/marcxml/schema/MARC21slim.xsd"><ns0:leader>01360cam a2200361 c 4500</ns0:leader><ns0:controlfield tag="005">20180504094900.0</ns0:controlfield><ns0:controlfield tag="007">ta</ns0:controlfield><ns0:controlfield tag="008">140219s2004    no ||||||m||||000|0|nob|c</ns0:controlfield><ns0:controlfield tag="001">990417592574702201</ns0:controlfield><ns0:datafield ind1=" " ind2=" " tag="035"><ns0:subfield code="a">041759257-47bibsys_network</ns0:subfield></ns0:datafield><ns0:datafield ind1=" " ind2=" " tag="035"><ns0:subfield code="a">(NO-TrBIB)041759257</ns0:subfield></ns0:datafield><ns0:datafield ind1=" " ind2=" " tag="040"><ns0:subfield code="a">NO-TrBIB</ns0:subfield><ns0:subfield code="b">nob</ns0:subfield><ns0:subfield code="e">katreg</ns0:subfield></ns0:datafield><ns0:datafield ind1="1" ind2=" " tag="100"><ns0:subfield code="a">Midttun, Birgitte Huitfeldt</ns0:subfield><ns0:subfield code="d">1959-</ns0:subfield><ns0:subfield code="0">(NO-TrBIB)98000667</ns0:subfield><ns0:subfield code="4">aut</ns0:subfield></ns0:datafield><ns0:datafield ind1="1" ind2="0" tag="245"><ns0:subfield code="a">Naturen som kvinne :</ns0:subfield><ns0:subfield code="b">det imaginæres metaforikk i Camilla Colletts Amtmandens Døtre</ns0:subfield><ns0:subfield code="c">Birgitte Huitfeldt Midttun</ns0:subfield></ns0:datafield><ns0:datafield ind1=" " ind2=" " tag="260"><ns0:subfield code="a">Oslo</ns0:subfield><ns0:subfield code="b">B.H. Midttun</ns0:subfield><ns0:subfield code="c">2004</ns0:subfield></ns0:datafield><ns0:datafield ind1=" " ind2=" " tag="300"><ns0:subfield code="a">95 bl.</ns0:subfield></ns0:datafield><ns0:datafield ind1=" " ind2=" " tag="500"><ns0:subfield code="a">Hovedoppgave i allmenn litteraturvitenskap -  Universitetet i Oslo, 2004</ns0:subfield></ns0:datafield><ns0:datafield ind1=" " ind2=" " tag="588"><ns0:subfield code="a">Katalogisert etter omslaget</ns0:subfield></ns0:datafield><ns0:datafield ind1=" " ind2=" " tag="653"><ns0:subfield code="a">allmenn</ns0:subfield><ns0:subfield code="a">litteraturvitenskap</ns0:subfield></ns0:datafield><ns0:datafield ind1=" " ind2="7" tag="648"><ns0:subfield code="a">1800-tallet</ns0:subfield><ns0:subfield code="2">humord</ns0:subfield><ns0:subfield code="0">(NO-TrBIB)HUME10978</ns0:subfield></ns0:datafield><ns0:datafield ind1=" " ind2="7" tag="655"><ns0:subfield code="a">Hovedoppgaver</ns0:subfield><ns0:subfield code="2">humord</ns0:subfield><ns0:subfield code="0">(NO-TrBIB)HUME01032</ns0:subfield></ns0:datafield><ns0:datafield ind1=" " ind2="7" tag="655"><ns0:subfield code="a">Hovedoppgave</ns0:subfield><ns0:subfield code="2">collett</ns0:subfield></ns0:datafield><ns0:datafield ind1=" " ind2="7" tag="650"><ns0:subfield code="a">Metaforer</ns0:subfield><ns0:subfield code="2">collett</ns0:subfield></ns0:datafield><ns0:datafield ind1=" " ind2="7" tag="650"><ns0:subfield code="a">Kvinner</ns0:subfield><ns0:subfield code="2">humord</ns0:subfield><ns0:subfield code="0">(NO-TrBIB)HUME07186</ns0:subfield></ns0:datafield><ns0:datafield ind1=" " ind2="7" tag="650"><ns0:subfield code="a">Norsk litteratur</ns0:subfield><ns0:subfield code="2">humord</ns0:subfield><ns0:subfield code="0">(NO-TrBIB)HUME06959</ns0:subfield></ns0:datafield><ns0:datafield ind1=" " ind2="7" tag="650"><ns0:subfield code="a">Metaforer</ns0:subfield><ns0:subfield code="2">humord</ns0:subfield><ns0:subfield code="0">(NO-TrBIB)HUME06569</ns0:subfield></ns0:datafield><ns0:datafield ind1=" " ind2="7" tag="650"><ns0:subfield code="a">Forfattere</ns0:subfield><ns0:subfield code="2">humord</ns0:subfield><ns0:subfield code="0">(NO-TrBIB)HUME07484</ns0:subfield></ns0:datafield><ns0:datafield ind1="1" ind2="7" tag="600"><ns0:subfield code="a">Collett, Camilla</ns0:subfield><ns0:subfield code="d">1813-1895</ns0:subfield><ns0:subfield code="t">Amtmandens Døttre</ns0:subfield><ns0:subfield code="0">(NO-TrBIB)90091665</ns0:subfield><ns0:subfield code="2">bare</ns0:subfield></ns0:datafield><ns0:datafield ind1="4" ind2="2" tag="856"><ns0:subfield code="3">Sammendrag</ns0:subfield><ns0:subfield code="u">http://urn.nb.no/URN:NBN:no-9782</ns0:subfield></ns0:datafield><ns0:datafield ind1=" " ind2=" " tag="901"><ns0:subfield code="a">80</ns0:subfield></ns0:datafield><ns0:datafield ind1=" " ind2=" " tag="913"><ns0:subfield code="a">Collett</ns0:subfield><ns0:subfield code="b">NB</ns0:subfield></ns0:datafield><ns0:datafield ind1=" " ind2=" " tag="913"><ns0:subfield code="a">Littforsk</ns0:subfield><ns0:subfield code="b">NB</ns0:subfield></ns0:datafield><ns0:datafield ind1=" " ind2=" " tag="917"><ns0:subfield code="a">h</ns0:subfield></ns0:datafield></ns0:record>