
<ns0:record xsi:schemaLocation="http://www.loc.gov/MARC21/slim http://www.loc.gov/standards/marcxml/schema/MARC21slim.xsd"><ns0:leader>00935caa a2200265 c 4500</ns0:leader><ns0:controlfield tag="005">20210315222704.0</ns0:controlfield><ns0:controlfield tag="007">ta</ns0:controlfield><ns0:controlfield tag="008">130806s1855    xx ||||||o   |000|0|nob| </ns0:controlfield><ns0:controlfield tag="001">991211495014702201</ns0:controlfield><ns0:datafield ind1=" " ind2=" " tag="035"><ns0:subfield code="a">121149501-47bibsys_network</ns0:subfield></ns0:datafield><ns0:datafield ind1=" " ind2=" " tag="035"><ns0:subfield code="a">(NO-TrBIB)121149501</ns0:subfield></ns0:datafield><ns0:datafield ind1=" " ind2=" " tag="040"><ns0:subfield code="a">NO-OsNB</ns0:subfield><ns0:subfield code="b">nob</ns0:subfield><ns0:subfield code="e">katreg</ns0:subfield></ns0:datafield><ns0:datafield ind1="1" ind2=" " tag="100"><ns0:subfield code="a">Botten-Hansen, Paul</ns0:subfield><ns0:subfield code="d">1824-1869</ns0:subfield><ns0:subfield code="0">(NO-TrBIB)90500612</ns0:subfield></ns0:datafield><ns0:datafield ind1="1" ind2="0" tag="245"><ns0:subfield code="a">Amtmandens Døttre, en Fortælling :</ns0:subfield><ns0:subfield code="b">2 Dele</ns0:subfield><ns0:subfield code="c">Paul Botten-Hansen</ns0:subfield></ns0:datafield><ns0:datafield ind1=" " ind2=" " tag="260"><ns0:subfield code="c">1855</ns0:subfield></ns0:datafield><ns0:datafield ind1=" " ind2=" " tag="300"><ns0:subfield code="a">S. 103-104</ns0:subfield></ns0:datafield><ns0:datafield ind1=" " ind2="7" tag="655"><ns0:subfield code="a">Bokanmeldelse</ns0:subfield><ns0:subfield code="2">collett</ns0:subfield></ns0:datafield><ns0:datafield ind1=" " ind2="7" tag="655"><ns0:subfield code="a">Tidsskriftartikkel</ns0:subfield><ns0:subfield code="2">norvok</ns0:subfield></ns0:datafield><ns0:datafield ind1="1" ind2="7" tag="600"><ns0:subfield code="a">Collett, Camilla</ns0:subfield><ns0:subfield code="d">1813-1895</ns0:subfield><ns0:subfield code="t">Amtmandens Døttre</ns0:subfield><ns0:subfield code="0">(NO-TrBIB)90091665</ns0:subfield><ns0:subfield code="2">bare</ns0:subfield></ns0:datafield><ns0:datafield ind1="0" ind2=" " tag="740"><ns0:subfield code="a">Amtmandens Døtre</ns0:subfield></ns0:datafield><ns0:datafield ind1="0" ind2=" " tag="740"><ns0:subfield code="a">Amtmannens døtre</ns0:subfield></ns0:datafield><ns0:datafield ind1="0" ind2=" " tag="773"><ns0:subfield code="t">Illustreret Nyhedsblad (1851-1866 : trykt utg.).</ns0:subfield><ns0:subfield code="d">Christiania : Dzwonkowski</ns0:subfield><ns0:subfield code="g">4(1855)Nr. 26</ns0:subfield><ns0:subfield code="x">1500-1407</ns0:subfield><ns0:subfield code="w">999300202784702201</ns0:subfield></ns0:datafield><ns0:datafield ind1=" " ind2=" " tag="901"><ns0:subfield code="a">80</ns0:subfield></ns0:datafield><ns0:datafield ind1=" " ind2=" " tag="913"><ns0:subfield code="a">Collett</ns0:subfield><ns0:subfield code="b">NB</ns0:subfield></ns0:datafield></ns0:record>