
<ns0:record xsi:schemaLocation="http://www.loc.gov/MARC21/slim http://www.loc.gov/standards/marcxml/schema/MARC21slim.xsd"><ns0:leader>01512ccm a2200409 c 4500</ns0:leader><ns0:controlfield tag="005">20160622160135.0</ns0:controlfield><ns0:controlfield tag="007">qu</ns0:controlfield><ns0:controlfield tag="008">130806s1899    no#||a||||||||||||||mul| </ns0:controlfield><ns0:controlfield tag="001">991211603944702201</ns0:controlfield><ns0:datafield ind1=" " ind2=" " tag="015"><ns0:subfield code="a">1214368</ns0:subfield><ns0:subfield code="2">nbf</ns0:subfield></ns0:datafield><ns0:datafield ind1="2" ind2="3" tag="028"><ns0:subfield code="a">B.H.M. 968</ns0:subfield></ns0:datafield><ns0:datafield ind1="3" ind2="3" tag="028"><ns0:subfield code="a">B.H.M. 969</ns0:subfield></ns0:datafield><ns0:datafield ind1="3" ind2="3" tag="028"><ns0:subfield code="a">B.H.M. 970</ns0:subfield></ns0:datafield><ns0:datafield ind1=" " ind2=" " tag="035"><ns0:subfield code="a">121160394-47bibsys_network</ns0:subfield></ns0:datafield><ns0:datafield ind1=" " ind2=" " tag="035"><ns0:subfield code="a">(NO-TrBIB)121160394</ns0:subfield></ns0:datafield><ns0:datafield ind1=" " ind2=" " tag="040"><ns0:subfield code="a">NO-OsNB</ns0:subfield><ns0:subfield code="b">nob</ns0:subfield><ns0:subfield code="e">katreg</ns0:subfield></ns0:datafield><ns0:datafield ind1=" " ind2=" " tag="041"><ns0:subfield code="a">nob</ns0:subfield><ns0:subfield code="a">swe</ns0:subfield></ns0:datafield><ns0:datafield ind1=" " ind2=" " tag="042"><ns0:subfield code="a">norbibl</ns0:subfield></ns0:datafield><ns0:datafield ind1=" " ind2=" " tag="044"><ns0:subfield code="c">no</ns0:subfield></ns0:datafield><ns0:datafield ind1="7" ind2="4" tag="082"><ns0:subfield code="a">783.6742</ns0:subfield><ns0:subfield code="q">NO-OsNB</ns0:subfield><ns0:subfield code="2">5/nor</ns0:subfield></ns0:datafield><ns0:datafield ind1="1" ind2=" " tag="100"><ns0:subfield code="a">Grøndahl, Agathe Backer</ns0:subfield><ns0:subfield code="d">1847-1907</ns0:subfield><ns0:subfield code="0">(NO-TrBIB)90230563</ns0:subfield></ns0:datafield><ns0:datafield ind1="1" ind2="0" tag="245"><ns0:subfield code="a">Tre Sange i Moll :</ns0:subfield><ns0:subfield code="b">for Mezzo-Sopran : Op. 49</ns0:subfield><ns0:subfield code="c">til Texter af John Paulsen, Herman Bang og Camilla Collett ; med Akkompagnement af Piano componeret af Agathe Backer Gröndahl</ns0:subfield><ns0:subfield code="h">[musikktrykk]</ns0:subfield></ns0:datafield><ns0:datafield ind1=" " ind2=" " tag="260"><ns0:subfield code="a">Kristiania</ns0:subfield><ns0:subfield code="b">Hals</ns0:subfield><ns0:subfield code="c">[1899]</ns0:subfield></ns0:datafield><ns0:datafield ind1=" " ind2=" " tag="300"><ns0:subfield code="a">1 partitur (17 s.)</ns0:subfield><ns0:subfield code="c">32 cm</ns0:subfield></ns0:datafield><ns0:datafield ind1=" " ind2="1" tag="382"><ns0:subfield code="a">Klaver</ns0:subfield><ns0:subfield code="a">Mezzosopran</ns0:subfield><ns0:subfield code="s">2</ns0:subfield><ns0:subfield code="2">emnmus</ns0:subfield></ns0:datafield><ns0:datafield ind1=" " ind2=" " tag="500"><ns0:subfield code="a">Felles tittelbl. med To Sange fra Havet, op. 48</ns0:subfield></ns0:datafield><ns0:datafield ind1=" " ind2=" " tag="500"><ns0:subfield code="a">Platenummer: B.H.M. 968-970</ns0:subfield></ns0:datafield><ns0:datafield ind1=" " ind2=" " tag="500"><ns0:subfield code="a">Påtrykt pris: Cplt. Kr. 2.00</ns0:subfield></ns0:datafield><ns0:datafield ind1=" " ind2=" " tag="500"><ns0:subfield code="a">Til Natten / [Text]: John Paulsen. Der kommer de Aar / Herman Bang. En Döende / Camilla Collett</ns0:subfield></ns0:datafield><ns0:datafield ind1="0" ind2=" " tag="740"><ns0:subfield code="a">3 Sange i Moll</ns0:subfield></ns0:datafield><ns0:datafield ind1="1" ind2="2" tag="700"><ns0:subfield code="a">Collett, Camilla</ns0:subfield><ns0:subfield code="d">1813-1895</ns0:subfield><ns0:subfield code="t">En döende</ns0:subfield><ns0:subfield code="e">tekstforf.</ns0:subfield><ns0:subfield code="0">(NO-TrBIB)90091665</ns0:subfield></ns0:datafield><ns0:datafield ind1="1" ind2="2" tag="700"><ns0:subfield code="a">Bang, Herman</ns0:subfield><ns0:subfield code="d">1857-1912</ns0:subfield><ns0:subfield code="t">Der kommer de Aar</ns0:subfield><ns0:subfield code="e">tekstforf.</ns0:subfield><ns0:subfield code="0">(NO-TrBIB)90092521</ns0:subfield></ns0:datafield><ns0:datafield ind1="1" ind2="2" tag="700"><ns0:subfield code="a">Paulsen, John</ns0:subfield><ns0:subfield code="d">1851-1924</ns0:subfield><ns0:subfield code="t">Til Natten</ns0:subfield><ns0:subfield code="e">tekstforf.</ns0:subfield><ns0:subfield code="0">(NO-TrBIB)90078714</ns0:subfield></ns0:datafield><ns0:datafield ind1=" " ind2=" " tag="901"><ns0:subfield code="a">90</ns0:subfield></ns0:datafield><ns0:datafield ind1=" " ind2=" " tag="913"><ns0:subfield code="a">Collett</ns0:subfield><ns0:subfield code="b">NB</ns0:subfield></ns0:datafield><ns0:datafield ind1=" " ind2=" " tag="913"><ns0:subfield code="a">Nornoter</ns0:subfield><ns0:subfield code="b">NB</ns0:subfield></ns0:datafield><ns0:datafield ind1=" " ind2=" " tag="913"><ns0:subfield code="a">Musikk</ns0:subfield><ns0:subfield code="b">NB</ns0:subfield></ns0:datafield></ns0:record>