
<ns0:record xsi:schemaLocation="http://www.loc.gov/MARC21/slim http://www.loc.gov/standards/marcxml/schema/MARC21slim.xsd"><ns0:leader>00958caa a2200241 c 4500</ns0:leader><ns0:controlfield tag="005">20190130105603.0</ns0:controlfield><ns0:controlfield tag="007">ta</ns0:controlfield><ns0:controlfield tag="008">130806s1994    xx#|||||||||||000|u|nob| </ns0:controlfield><ns0:controlfield tag="001">991212107404702201</ns0:controlfield><ns0:datafield ind1=" " ind2=" " tag="035"><ns0:subfield code="a">12121074x-47bibsys_network</ns0:subfield></ns0:datafield><ns0:datafield ind1=" " ind2=" " tag="035"><ns0:subfield code="a">(NO-TrBIB)12121074x</ns0:subfield></ns0:datafield><ns0:datafield ind1=" " ind2=" " tag="040"><ns0:subfield code="a">NO-OsNB</ns0:subfield><ns0:subfield code="b">nob</ns0:subfield><ns0:subfield code="e">katreg</ns0:subfield></ns0:datafield><ns0:datafield ind1="1" ind2=" " tag="100"><ns0:subfield code="a">Solberg, May Helene</ns0:subfield><ns0:subfield code="d">1968-</ns0:subfield><ns0:subfield code="0">(NO-TrBIB)90934887</ns0:subfield></ns0:datafield><ns0:datafield ind1="1" ind2="0" tag="245"><ns0:subfield code="a">-en lesning av Jane Eyre og Amtmandens Døtre med utgangspunkt i S. Gilbert og S. Gubars The madwoman in the attic</ns0:subfield><ns0:subfield code="c">May Helene Solberg</ns0:subfield></ns0:datafield><ns0:datafield ind1=" " ind2=" " tag="260"><ns0:subfield code="c">1994</ns0:subfield></ns0:datafield><ns0:datafield ind1=" " ind2=" " tag="300"><ns0:subfield code="a">S. 26-33</ns0:subfield></ns0:datafield><ns0:datafield ind1="1" ind2="7" tag="600"><ns0:subfield code="a">Gubar, Susan</ns0:subfield><ns0:subfield code="d">1944-</ns0:subfield><ns0:subfield code="t">The madwoman in the attick</ns0:subfield><ns0:subfield code="0">(NO-TrBIB)90100142</ns0:subfield><ns0:subfield code="2">bare</ns0:subfield></ns0:datafield><ns0:datafield ind1="1" ind2="7" tag="600"><ns0:subfield code="a">Gilbert, Sandra M.</ns0:subfield><ns0:subfield code="d">1936-</ns0:subfield><ns0:subfield code="t">The madwoman in the attick</ns0:subfield><ns0:subfield code="0">(NO-TrBIB)90100143</ns0:subfield><ns0:subfield code="2">bare</ns0:subfield></ns0:datafield><ns0:datafield ind1="1" ind2="7" tag="600"><ns0:subfield code="a">Brontë, Charlotte</ns0:subfield><ns0:subfield code="d">1816-1855</ns0:subfield><ns0:subfield code="t">Jane Eyre</ns0:subfield><ns0:subfield code="0">(NO-TrBIB)90053883</ns0:subfield><ns0:subfield code="2">bare</ns0:subfield></ns0:datafield><ns0:datafield ind1="1" ind2="7" tag="600"><ns0:subfield code="a">Collett, Camilla</ns0:subfield><ns0:subfield code="d">1813-1895</ns0:subfield><ns0:subfield code="t">Amtmandens Døttre</ns0:subfield><ns0:subfield code="0">(NO-TrBIB)90091665</ns0:subfield><ns0:subfield code="2">bare</ns0:subfield></ns0:datafield><ns0:datafield ind1="0" ind2=" " tag="773"><ns0:subfield code="t">Riss (Trondheim). </ns0:subfield><ns0:subfield code="d">[Trondheim] : [Instituttet]</ns0:subfield><ns0:subfield code="g">1(1994)nr. 2</ns0:subfield><ns0:subfield code="x">0806-5063</ns0:subfield><ns0:subfield code="w">999500268834702201</ns0:subfield></ns0:datafield><ns0:datafield ind1=" " ind2=" " tag="901"><ns0:subfield code="a">80</ns0:subfield></ns0:datafield><ns0:datafield ind1=" " ind2=" " tag="913"><ns0:subfield code="a">Collett</ns0:subfield><ns0:subfield code="b">NB</ns0:subfield></ns0:datafield></ns0:record>