
<ns0:record xsi:schemaLocation="http://www.loc.gov/MARC21/slim http://www.loc.gov/standards/marcxml/schema/MARC21slim.xsd"><ns0:leader>00838caa a2200241 c 4500</ns0:leader><ns0:controlfield tag="005">20180601145605.0</ns0:controlfield><ns0:controlfield tag="007">ta</ns0:controlfield><ns0:controlfield tag="008">130806s1880    xx#|||||||||||000|u|nob| </ns0:controlfield><ns0:controlfield tag="001">991215761324702201</ns0:controlfield><ns0:datafield ind1=" " ind2=" " tag="035"><ns0:subfield code="a">(NO-TrBIB)121576132</ns0:subfield></ns0:datafield><ns0:datafield ind1=" " ind2=" " tag="035"><ns0:subfield code="a">(NO-TrBIB)121576132</ns0:subfield></ns0:datafield><ns0:datafield ind1=" " ind2=" " tag="040"><ns0:subfield code="a">NO-OsNB</ns0:subfield><ns0:subfield code="b">nob</ns0:subfield><ns0:subfield code="e">katreg</ns0:subfield></ns0:datafield><ns0:datafield ind1="1" ind2=" " tag="100"><ns0:subfield code="a">Hegel, Fr.</ns0:subfield><ns0:subfield code="0">(NO-TrBIB)90948632</ns0:subfield></ns0:datafield><ns0:datafield ind1="1" ind2="0" tag="245"><ns0:subfield code="a">Til Berigtigelse af Fru Camilla Colletts Fortælling om "Forlæggere og Forfattere"</ns0:subfield><ns0:subfield code="c">Fr. Hegel</ns0:subfield></ns0:datafield><ns0:datafield ind1=" " ind2=" " tag="260"><ns0:subfield code="c">1880</ns0:subfield></ns0:datafield><ns0:datafield ind1=" " ind2=" " tag="300"><ns0:subfield code="a">S. [1]</ns0:subfield></ns0:datafield><ns0:datafield ind1=" " ind2=" " tag="500"><ns0:subfield code="a">Kfr. Aftenposten 1880 Nr. 21, 26/1</ns0:subfield></ns0:datafield><ns0:datafield ind1="1" ind2="7" tag="600"><ns0:subfield code="a">Collett, Camilla</ns0:subfield><ns0:subfield code="d">1813-1895</ns0:subfield><ns0:subfield code="0">(NO-TrBIB)90091665</ns0:subfield><ns0:subfield code="2">bare</ns0:subfield></ns0:datafield><ns0:datafield ind1=" " ind2="7" tag="650"><ns0:subfield code="a">Forlag</ns0:subfield><ns0:subfield code="2">collett</ns0:subfield></ns0:datafield><ns0:datafield ind1=" " ind2="7" tag="655"><ns0:subfield code="a">Avisartikkel</ns0:subfield><ns0:subfield code="2">collett</ns0:subfield></ns0:datafield><ns0:datafield ind1="0" ind2=" " tag="773"><ns0:subfield code="t">Aftenposten (morgenutg. : trykt utg.). </ns0:subfield><ns0:subfield code="b">Morgenutg.</ns0:subfield><ns0:subfield code="d">Oslo : Aftenposten A/S</ns0:subfield><ns0:subfield code="g">1880, 4/3</ns0:subfield><ns0:subfield code="x">0804-3116</ns0:subfield><ns0:subfield code="w">999431109804702201 </ns0:subfield></ns0:datafield><ns0:datafield ind1=" " ind2=" " tag="901"><ns0:subfield code="a">80</ns0:subfield></ns0:datafield><ns0:datafield ind1=" " ind2=" " tag="913"><ns0:subfield code="a">Collett</ns0:subfield><ns0:subfield code="b">NB</ns0:subfield></ns0:datafield></ns0:record>