
<ns0:record xsi:schemaLocation="http://www.loc.gov/MARC21/slim http://www.loc.gov/standards/marcxml/schema/MARC21slim.xsd"><ns0:leader>01148caa a2200289 c 4500</ns0:leader><ns0:controlfield tag="005">20190130105654.0</ns0:controlfield><ns0:controlfield tag="007">ta</ns0:controlfield><ns0:controlfield tag="008">130806s1993    xx#|||||||||||000|u|eng| </ns0:controlfield><ns0:controlfield tag="001">991218733314702201</ns0:controlfield><ns0:datafield ind1=" " ind2=" " tag="035"><ns0:subfield code="a">121873331-47bibsys_network</ns0:subfield></ns0:datafield><ns0:datafield ind1=" " ind2=" " tag="035"><ns0:subfield code="a">(NO-TrBIB)121873331</ns0:subfield></ns0:datafield><ns0:datafield ind1=" " ind2=" " tag="040"><ns0:subfield code="a">NO-OsNB</ns0:subfield><ns0:subfield code="b">nob</ns0:subfield><ns0:subfield code="e">katreg</ns0:subfield></ns0:datafield><ns0:datafield ind1="1" ind2=" " tag="100"><ns0:subfield code="a">Ingwersen, Faith</ns0:subfield><ns0:subfield code="0">(NO-TrBIB)90723869</ns0:subfield></ns0:datafield><ns0:datafield ind1="1" ind2="0" tag="245"><ns0:subfield code="a">Norwegian women writers</ns0:subfield><ns0:subfield code="c">Faith Ingwersen</ns0:subfield></ns0:datafield><ns0:datafield ind1=" " ind2=" " tag="260"><ns0:subfield code="c">1993</ns0:subfield></ns0:datafield><ns0:datafield ind1=" " ind2=" " tag="300"><ns0:subfield code="a">S. 349-371</ns0:subfield></ns0:datafield><ns0:datafield ind1="1" ind2="7" tag="600"><ns0:subfield code="a">Collett, Camilla</ns0:subfield><ns0:subfield code="d">1813-1895</ns0:subfield><ns0:subfield code="0">(NO-TrBIB)90091665</ns0:subfield><ns0:subfield code="2">bare</ns0:subfield></ns0:datafield><ns0:datafield ind1="0" ind2="7" tag="600"><ns0:subfield code="a">Dorothe Engelbretsdatter</ns0:subfield><ns0:subfield code="d">1634-1716</ns0:subfield><ns0:subfield code="0">(NO-TrBIB)90083845</ns0:subfield><ns0:subfield code="2">bare</ns0:subfield></ns0:datafield><ns0:datafield ind1="1" ind2="7" tag="600"><ns0:subfield code="a">Winsnes, Hanna</ns0:subfield><ns0:subfield code="d">1789-1872</ns0:subfield><ns0:subfield code="0">(NO-TrBIB)90117299</ns0:subfield><ns0:subfield code="2">bare</ns0:subfield></ns0:datafield><ns0:datafield ind1="1" ind2="7" tag="600"><ns0:subfield code="a">Thoresen, Magdalene</ns0:subfield><ns0:subfield code="d">1819-1903</ns0:subfield><ns0:subfield code="0">(NO-TrBIB)90079914</ns0:subfield><ns0:subfield code="2">bare</ns0:subfield></ns0:datafield><ns0:datafield ind1="1" ind2="7" tag="600"><ns0:subfield code="a">Key, Ellen</ns0:subfield><ns0:subfield code="0">(NO-TrBIB)90112488</ns0:subfield><ns0:subfield code="2">bare</ns0:subfield></ns0:datafield><ns0:datafield ind1="1" ind2="7" tag="600"><ns0:subfield code="a">Haslund, Ebba</ns0:subfield><ns0:subfield code="d">1917-2009</ns0:subfield><ns0:subfield code="0">(NO-TrBIB)90078559</ns0:subfield><ns0:subfield code="2">bare</ns0:subfield></ns0:datafield><ns0:datafield ind1=" " ind2="7" tag="650"><ns0:subfield code="a">Kvinner</ns0:subfield><ns0:subfield code="2">collett</ns0:subfield></ns0:datafield><ns0:datafield ind1=" " ind2="4" tag="650"><ns0:subfield code="a">Forfattere</ns0:subfield></ns0:datafield><ns0:datafield ind1="0" ind2=" " tag="773"><ns0:subfield code="t">A History of Norwegian literature</ns0:subfield><ns0:subfield code="d">Lincoln, Neb.[New York] : University of Nebraska Press : In cooperation with the American-Scandinavian Foundation, c1993</ns0:subfield><ns0:subfield code="z">0803233175</ns0:subfield><ns0:subfield code="w">999311005344702201</ns0:subfield></ns0:datafield><ns0:datafield ind1=" " ind2=" " tag="901"><ns0:subfield code="a">80</ns0:subfield></ns0:datafield><ns0:datafield ind1=" " ind2=" " tag="913"><ns0:subfield code="a">Collett</ns0:subfield><ns0:subfield code="b">NB</ns0:subfield></ns0:datafield></ns0:record>