
<ns0:record xsi:schemaLocation="http://www.loc.gov/MARC21/slim http://www.loc.gov/standards/marcxml/schema/MARC21slim.xsd"><ns0:leader>00697caa a2200217 c 4500</ns0:leader><ns0:controlfield tag="005">20210318001935.0</ns0:controlfield><ns0:controlfield tag="007">ta</ns0:controlfield><ns0:controlfield tag="008">130806s1866    xx ||||||o   |000|0|swe| </ns0:controlfield><ns0:controlfield tag="001">991217677524702201</ns0:controlfield><ns0:datafield ind1=" " ind2=" " tag="035"><ns0:subfield code="a">121767752-47bibsys_network</ns0:subfield></ns0:datafield><ns0:datafield ind1=" " ind2=" " tag="035"><ns0:subfield code="a">(NO-TrBIB)121767752</ns0:subfield></ns0:datafield><ns0:datafield ind1=" " ind2=" " tag="040"><ns0:subfield code="a">NO-OsNB</ns0:subfield><ns0:subfield code="b">nob</ns0:subfield><ns0:subfield code="e">katreg</ns0:subfield></ns0:datafield><ns0:datafield ind1="0" ind2="0" tag="245"><ns0:subfield code="a">[Recension av Under ljusa dagar]</ns0:subfield></ns0:datafield><ns0:datafield ind1=" " ind2=" " tag="260"><ns0:subfield code="c">1866</ns0:subfield></ns0:datafield><ns0:datafield ind1=" " ind2="7" tag="655"><ns0:subfield code="a">Avisartikkel</ns0:subfield><ns0:subfield code="2">collett</ns0:subfield></ns0:datafield><ns0:datafield ind1=" " ind2="7" tag="655"><ns0:subfield code="a">Bokanmeldelse</ns0:subfield><ns0:subfield code="2">collett</ns0:subfield></ns0:datafield><ns0:datafield ind1="1" ind2="7" tag="600"><ns0:subfield code="a">Collett, Camilla</ns0:subfield><ns0:subfield code="d">1813-1895</ns0:subfield><ns0:subfield code="t">Under ljusa dagar</ns0:subfield><ns0:subfield code="0">(NO-TrBIB)90091665</ns0:subfield><ns0:subfield code="2">bare</ns0:subfield></ns0:datafield><ns0:datafield ind1="0" ind2=" " tag="773"><ns0:subfield code="t">Aftonbladet (Stockholm).</ns0:subfield><ns0:subfield code="d">Stockholm : Aftonbladet</ns0:subfield><ns0:subfield code="g">1866 nr. 299</ns0:subfield><ns0:subfield code="w">990935923614702201</ns0:subfield></ns0:datafield><ns0:datafield ind1=" " ind2=" " tag="901"><ns0:subfield code="a">80</ns0:subfield></ns0:datafield><ns0:datafield ind1=" " ind2=" " tag="913"><ns0:subfield code="a">Collett</ns0:subfield><ns0:subfield code="b">NB</ns0:subfield></ns0:datafield></ns0:record>