
<ns0:record xsi:schemaLocation="http://www.loc.gov/MARC21/slim http://www.loc.gov/standards/marcxml/schema/MARC21slim.xsd"><ns0:leader>00764caa a2200253 c 4500</ns0:leader><ns0:controlfield tag="005">20180929122518.0</ns0:controlfield><ns0:controlfield tag="007">ta</ns0:controlfield><ns0:controlfield tag="008">130806s1864    xx |||||||||||000|p|nob| </ns0:controlfield><ns0:controlfield tag="001">991215359834702201</ns0:controlfield><ns0:datafield ind1=" " ind2=" " tag="035"><ns0:subfield code="a">(NO-TrBIB)121535983</ns0:subfield></ns0:datafield><ns0:datafield ind1=" " ind2=" " tag="035"><ns0:subfield code="a">(NO-TrBIB)121535983</ns0:subfield></ns0:datafield><ns0:datafield ind1=" " ind2=" " tag="040"><ns0:subfield code="a">NO-OsNB</ns0:subfield><ns0:subfield code="b">nob</ns0:subfield><ns0:subfield code="e">katreg</ns0:subfield></ns0:datafield><ns0:datafield ind1="1" ind2=" " tag="100"><ns0:subfield code="a">Collett, Camilla</ns0:subfield><ns0:subfield code="d">1813-1895</ns0:subfield><ns0:subfield code="0">(NO-TrBIB)90091665</ns0:subfield><ns0:subfield code="4">aut</ns0:subfield></ns0:datafield><ns0:datafield ind1="1" ind2="3" tag="245"><ns0:subfield code="a">De Forskudte</ns0:subfield></ns0:datafield><ns0:datafield ind1=" " ind2=" " tag="260"><ns0:subfield code="c">1864</ns0:subfield></ns0:datafield><ns0:datafield ind1=" " ind2=" " tag="300"><ns0:subfield code="a">S. [1]</ns0:subfield></ns0:datafield><ns0:datafield ind1=" " ind2=" " tag="500"><ns0:subfield code="a">Dikt</ns0:subfield></ns0:datafield><ns0:datafield ind1=" " ind2=" " tag="500"><ns0:subfield code="a">1. linje: Farvel mit Land, mit Fødeland!</ns0:subfield></ns0:datafield><ns0:datafield ind1=" " ind2="7" tag="655"><ns0:subfield code="a">Dikt</ns0:subfield><ns0:subfield code="2">norvok</ns0:subfield></ns0:datafield><ns0:datafield ind1=" " ind2="7" tag="655"><ns0:subfield code="a">Avisartikkel</ns0:subfield><ns0:subfield code="2">norvok</ns0:subfield></ns0:datafield><ns0:datafield ind1="0" ind2=" " tag="740"><ns0:subfield code="a">Farvel mit Land, mit Fødeland!...</ns0:subfield></ns0:datafield><ns0:datafield ind1="0" ind2=" " tag="773"><ns0:subfield code="t">Morgenbladet (trykt utg.).</ns0:subfield><ns0:subfield code="d">Oslo : Morgenbladet as</ns0:subfield><ns0:subfield code="g">1864 No. 37, 7/2</ns0:subfield><ns0:subfield code="x">0805-3847</ns0:subfield><ns0:subfield code="w">999303247064702201</ns0:subfield></ns0:datafield><ns0:datafield ind1=" " ind2=" " tag="901"><ns0:subfield code="a">80</ns0:subfield></ns0:datafield><ns0:datafield ind1=" " ind2=" " tag="913"><ns0:subfield code="a">Collett</ns0:subfield><ns0:subfield code="b">NB</ns0:subfield></ns0:datafield></ns0:record>