
<ns0:record xsi:schemaLocation="http://www.loc.gov/MARC21/slim http://www.loc.gov/standards/marcxml/schema/MARC21slim.xsd"><ns0:leader>01127cam a2200277 c 4500</ns0:leader><ns0:controlfield tag="005">20210810153750.0</ns0:controlfield><ns0:controlfield tag="007">ta</ns0:controlfield><ns0:controlfield tag="008">140219s2005    dk ||||e|m||||000|0|dan|c</ns0:controlfield><ns0:controlfield tag="001">991213472224702201</ns0:controlfield><ns0:datafield ind1=" " ind2=" " tag="035"><ns0:subfield code="a">121347222-47bibsys_network</ns0:subfield></ns0:datafield><ns0:datafield ind1=" " ind2=" " tag="035"><ns0:subfield code="a">(NO-TrBIB)121347222</ns0:subfield></ns0:datafield><ns0:datafield ind1=" " ind2=" " tag="040"><ns0:subfield code="a">NO-OsNB</ns0:subfield><ns0:subfield code="b">nob</ns0:subfield><ns0:subfield code="e">katreg</ns0:subfield></ns0:datafield><ns0:datafield ind1="1" ind2=" " tag="100"><ns0:subfield code="a">Huus, Inger</ns0:subfield><ns0:subfield code="0">(NO-TrBIB)12025368</ns0:subfield><ns0:subfield code="4">aut</ns0:subfield></ns0:datafield><ns0:datafield ind1="1" ind2="0" tag="245"><ns0:subfield code="a">Tre heltinder :</ns0:subfield><ns0:subfield code="b">en undersøgelse af den kvindelige udvikling i tre romaner fra midten af 1800-tallet : "Hertha" af Frederike Bremer, "Amtmandens Døttre" af Camilla Collett, "Clara Raphael Tolv Breve" af Mathilde Fibiger</ns0:subfield><ns0:subfield code="c">speciale: Inger Huus</ns0:subfield></ns0:datafield><ns0:datafield ind1=" " ind2=" " tag="260"><ns0:subfield code="a">[København]</ns0:subfield><ns0:subfield code="b">[I. Huus]</ns0:subfield><ns0:subfield code="c">2005</ns0:subfield></ns0:datafield><ns0:datafield ind1=" " ind2=" " tag="300"><ns0:subfield code="a">92 bl.</ns0:subfield></ns0:datafield><ns0:datafield ind1=" " ind2=" " tag="500"><ns0:subfield code="a">Hovedoppgave - Københavns Universitet, Institut for Nordiske Studier og Sprogvidenskab, 2005</ns0:subfield></ns0:datafield><ns0:datafield ind1=" " ind2="7" tag="650"><ns0:subfield code="a">Kvinner</ns0:subfield><ns0:subfield code="2">collett</ns0:subfield></ns0:datafield><ns0:datafield ind1=" " ind2="7" tag="655"><ns0:subfield code="a">Hovedoppgave</ns0:subfield><ns0:subfield code="2">norvok</ns0:subfield></ns0:datafield><ns0:datafield ind1="1" ind2="7" tag="600"><ns0:subfield code="a">Fibiger, Mathilde</ns0:subfield><ns0:subfield code="t">Clara Raphael Tolv Breve</ns0:subfield><ns0:subfield code="0">(NO-TrBIB)90810003</ns0:subfield><ns0:subfield code="2">bare</ns0:subfield></ns0:datafield><ns0:datafield ind1="1" ind2="7" tag="600"><ns0:subfield code="a">Bremer, Fredrika</ns0:subfield><ns0:subfield code="d">1801-1865</ns0:subfield><ns0:subfield code="t">Hertha</ns0:subfield><ns0:subfield code="0">(NO-TrBIB)90063849</ns0:subfield><ns0:subfield code="2">bare</ns0:subfield></ns0:datafield><ns0:datafield ind1="1" ind2="7" tag="600"><ns0:subfield code="a">Collett, Camilla</ns0:subfield><ns0:subfield code="d">1813-1895</ns0:subfield><ns0:subfield code="t">Amtmandens Døttre</ns0:subfield><ns0:subfield code="0">(NO-TrBIB)90091665</ns0:subfield><ns0:subfield code="2">bare</ns0:subfield></ns0:datafield><ns0:datafield ind1=" " ind2=" " tag="901"><ns0:subfield code="a">60</ns0:subfield></ns0:datafield><ns0:datafield ind1=" " ind2=" " tag="913"><ns0:subfield code="a">Collett</ns0:subfield><ns0:subfield code="b">NB</ns0:subfield></ns0:datafield><ns0:datafield ind1=" " ind2=" " tag="913"><ns0:subfield code="a">Littforsk</ns0:subfield><ns0:subfield code="b">NB</ns0:subfield></ns0:datafield><ns0:datafield ind1=" " ind2=" " tag="917"><ns0:subfield code="a">h</ns0:subfield></ns0:datafield></ns0:record>