
<ns0:record xsi:schemaLocation="http://www.loc.gov/MARC21/slim http://www.loc.gov/standards/marcxml/schema/MARC21slim.xsd"><ns0:leader>00878caa a2200229 c 4500</ns0:leader><ns0:controlfield tag="005">20200620203447.0</ns0:controlfield><ns0:controlfield tag="007">ta</ns0:controlfield><ns0:controlfield tag="008">130806s1859    no ||||e||||||000|0|nob| </ns0:controlfield><ns0:controlfield tag="001">991215057154702201</ns0:controlfield><ns0:datafield ind1=" " ind2=" " tag="035"><ns0:subfield code="a">121505715-47bibsys_network</ns0:subfield></ns0:datafield><ns0:datafield ind1=" " ind2=" " tag="035"><ns0:subfield code="a">(NO-TrBIB)121505715</ns0:subfield></ns0:datafield><ns0:datafield ind1=" " ind2=" " tag="040"><ns0:subfield code="a">NO-OsNB</ns0:subfield><ns0:subfield code="b">nob</ns0:subfield><ns0:subfield code="e">katreg</ns0:subfield></ns0:datafield><ns0:datafield ind1="1" ind2=" " tag="100"><ns0:subfield code="a">Asbjørnsen, P. Chr.</ns0:subfield><ns0:subfield code="d">1812-1885</ns0:subfield><ns0:subfield code="q">(Peter Christen)</ns0:subfield><ns0:subfield code="0">(NO-TrBIB)90060686</ns0:subfield><ns0:subfield code="4">aui</ns0:subfield></ns0:datafield><ns0:datafield ind1="1" ind2="0" tag="245"><ns0:subfield code="a">Fortale til anden Udgave</ns0:subfield><ns0:subfield code="c">P. Chr. Asbjørnsen</ns0:subfield></ns0:datafield><ns0:datafield ind1=" " ind2=" " tag="260"><ns0:subfield code="c">1859</ns0:subfield></ns0:datafield><ns0:datafield ind1=" " ind2=" " tag="300"><ns0:subfield code="a">S. [IV]-XXX</ns0:subfield></ns0:datafield><ns0:datafield ind1=" " ind2="7" tag="655"><ns0:subfield code="a">Forord</ns0:subfield><ns0:subfield code="2">collett</ns0:subfield></ns0:datafield><ns0:datafield ind1="1" ind2="7" tag="600"><ns0:subfield code="a">Asbjørnsen, P. Chr.</ns0:subfield><ns0:subfield code="d">1812-1885</ns0:subfield><ns0:subfield code="q">(Peter Christen)</ns0:subfield><ns0:subfield code="t">Norske Huldre-eventyr og Folkesagn</ns0:subfield><ns0:subfield code="0">(NO-TrBIB)90060686</ns0:subfield><ns0:subfield code="2">bare</ns0:subfield></ns0:datafield><ns0:datafield ind1="1" ind2="7" tag="600"><ns0:subfield code="a">Collett, Camilla</ns0:subfield><ns0:subfield code="d">1813-1895</ns0:subfield><ns0:subfield code="0">(NO-TrBIB)90091665</ns0:subfield><ns0:subfield code="2">bare</ns0:subfield></ns0:datafield><ns0:datafield ind1="0" ind2=" " tag="773"><ns0:subfield code="t">Norske Huldre-eventyr og Folkesagn</ns0:subfield><ns0:subfield code="b">2. forøg. Udg.</ns0:subfield><ns0:subfield code="d">Christiania : Steensballe, 1859-1866</ns0:subfield><ns0:subfield code="g">1</ns0:subfield><ns0:subfield code="w">999411543604702201</ns0:subfield></ns0:datafield><ns0:datafield ind1=" " ind2=" " tag="901"><ns0:subfield code="a">80</ns0:subfield></ns0:datafield><ns0:datafield ind1=" " ind2=" " tag="913"><ns0:subfield code="a">Collett</ns0:subfield><ns0:subfield code="b">NB</ns0:subfield></ns0:datafield></ns0:record>