
<ns0:record xsi:schemaLocation="http://www.loc.gov/MARC21/slim http://www.loc.gov/standards/marcxml/schema/MARC21slim.xsd"><ns0:leader>00878caa a2200253 c 4500</ns0:leader><ns0:controlfield tag="005">20200616080952.0</ns0:controlfield><ns0:controlfield tag="007">ta</ns0:controlfield><ns0:controlfield tag="008">130806s1988    no c|||e||||||000|0|nob| </ns0:controlfield><ns0:controlfield tag="001">991225274704702201</ns0:controlfield><ns0:datafield ind1=" " ind2=" " tag="035"><ns0:subfield code="a">12252747x-47bibsys_network</ns0:subfield></ns0:datafield><ns0:datafield ind1=" " ind2=" " tag="035"><ns0:subfield code="a">(NO-TrBIB)12252747x</ns0:subfield></ns0:datafield><ns0:datafield ind1=" " ind2=" " tag="040"><ns0:subfield code="a">NO-OsNB</ns0:subfield><ns0:subfield code="b">nob</ns0:subfield><ns0:subfield code="e">katreg</ns0:subfield></ns0:datafield><ns0:datafield ind1="1" ind2=" " tag="100"><ns0:subfield code="a">Steinfeld, Torill</ns0:subfield><ns0:subfield code="d">1948-</ns0:subfield><ns0:subfield code="0">(NO-TrBIB)90360409</ns0:subfield><ns0:subfield code="4">aut</ns0:subfield></ns0:datafield><ns0:datafield ind1="1" ind2="0" tag="245"><ns0:subfield code="a">"Gjør sommeren blid for svalerne" :</ns0:subfield><ns0:subfield code="b">Camilla Collett (1813-1895)</ns0:subfield></ns0:datafield><ns0:datafield ind1=" " ind2=" " tag="260"><ns0:subfield code="c">1988</ns0:subfield></ns0:datafield><ns0:datafield ind1=" " ind2=" " tag="300"><ns0:subfield code="a">S. 77-83</ns0:subfield><ns0:subfield code="b">port.</ns0:subfield></ns0:datafield><ns0:datafield ind1=" " ind2="7" tag="655"><ns0:subfield code="a">Bokkapittel</ns0:subfield><ns0:subfield code="2">norvok</ns0:subfield></ns0:datafield><ns0:datafield ind1=" " ind2="7" tag="650"><ns0:subfield code="a">Ekteskap</ns0:subfield><ns0:subfield code="2">collett</ns0:subfield></ns0:datafield><ns0:datafield ind1=" " ind2="7" tag="650"><ns0:subfield code="a">Kvinner</ns0:subfield><ns0:subfield code="2">collett</ns0:subfield></ns0:datafield><ns0:datafield ind1="1" ind2="7" tag="600"><ns0:subfield code="a">Welhaven, J.S.</ns0:subfield><ns0:subfield code="d">1807-1873</ns0:subfield><ns0:subfield code="q">(Johan Sebastian)</ns0:subfield><ns0:subfield code="0">(NO-TrBIB)90087769</ns0:subfield><ns0:subfield code="2">bare</ns0:subfield></ns0:datafield><ns0:datafield ind1="1" ind2="7" tag="600"><ns0:subfield code="a">Collett, Camilla</ns0:subfield><ns0:subfield code="d">1813-1895</ns0:subfield><ns0:subfield code="t">Amtmandens Døttre</ns0:subfield><ns0:subfield code="0">(NO-TrBIB)90091665</ns0:subfield><ns0:subfield code="2">bare</ns0:subfield></ns0:datafield><ns0:datafield ind1="0" ind2=" " tag="773"><ns0:subfield code="t">1600-1900</ns0:subfield><ns0:subfield code="d">Oslo : Pax, 1988</ns0:subfield><ns0:subfield code="k">Norsk kvinnelitteraturhistorie ; 1</ns0:subfield><ns0:subfield code="w">998840707514702201</ns0:subfield></ns0:datafield><ns0:datafield ind1=" " ind2=" " tag="901"><ns0:subfield code="a">80</ns0:subfield></ns0:datafield><ns0:datafield ind1=" " ind2=" " tag="913"><ns0:subfield code="a">Collett</ns0:subfield><ns0:subfield code="b">NB</ns0:subfield></ns0:datafield></ns0:record>