
<ns0:record xsi:schemaLocation="http://www.loc.gov/MARC21/slim http://www.loc.gov/standards/marcxml/schema/MARC21slim.xsd"><ns0:leader>00822caa a2200253 c 4500</ns0:leader><ns0:controlfield tag="005">20200623101108.0</ns0:controlfield><ns0:controlfield tag="007">ta</ns0:controlfield><ns0:controlfield tag="008">131219s1978    no |||be||||||000|0|nob| </ns0:controlfield><ns0:controlfield tag="001">991225178734702201</ns0:controlfield><ns0:datafield ind1=" " ind2=" " tag="035"><ns0:subfield code="a">122517873-47bibsys_network</ns0:subfield></ns0:datafield><ns0:datafield ind1=" " ind2=" " tag="035"><ns0:subfield code="a">(NO-TrBIB)122517873</ns0:subfield></ns0:datafield><ns0:datafield ind1=" " ind2=" " tag="040"><ns0:subfield code="a">NO-OsNB</ns0:subfield><ns0:subfield code="b">nob</ns0:subfield><ns0:subfield code="e">katreg</ns0:subfield></ns0:datafield><ns0:datafield ind1="1" ind2=" " tag="100"><ns0:subfield code="a">Nielsen, Erling</ns0:subfield><ns0:subfield code="d">1920-2000</ns0:subfield><ns0:subfield code="0">(NO-TrBIB)90074416</ns0:subfield><ns0:subfield code="4">aut</ns0:subfield></ns0:datafield><ns0:datafield ind1="1" ind2="0" tag="245"><ns0:subfield code="a">Sofies København</ns0:subfield><ns0:subfield code="c">Erling Nielsen</ns0:subfield></ns0:datafield><ns0:datafield ind1=" " ind2=" " tag="260"><ns0:subfield code="c">1978</ns0:subfield></ns0:datafield><ns0:datafield ind1=" " ind2=" " tag="300"><ns0:subfield code="a">S. 71-86</ns0:subfield><ns0:subfield code="b">kart</ns0:subfield></ns0:datafield><ns0:datafield ind1=" " ind2="7" tag="650"><ns0:subfield code="a">Sofie (litterær karakter)</ns0:subfield><ns0:subfield code="2">collett</ns0:subfield></ns0:datafield><ns0:datafield ind1=" " ind2="7" tag="650"><ns0:subfield code="a">Dannelse</ns0:subfield><ns0:subfield code="2">collett</ns0:subfield></ns0:datafield><ns0:datafield ind1=" " ind2="7" tag="651"><ns0:subfield code="a">København (Danmark)</ns0:subfield><ns0:subfield code="2">norbok</ns0:subfield></ns0:datafield><ns0:datafield ind1=" " ind2=" " tag="662"><ns0:subfield code="a">Danmark</ns0:subfield><ns0:subfield code="b">København</ns0:subfield><ns0:subfield code="2">norbok</ns0:subfield></ns0:datafield><ns0:datafield ind1="1" ind2="7" tag="600"><ns0:subfield code="a">Collett, Camilla</ns0:subfield><ns0:subfield code="d">1813-1895</ns0:subfield><ns0:subfield code="t">Amtmandens Døttre</ns0:subfield><ns0:subfield code="0">(NO-TrBIB)90091665</ns0:subfield><ns0:subfield code="2">bare</ns0:subfield></ns0:datafield><ns0:datafield ind1="0" ind2=" " tag="773"><ns0:subfield code="t">Kvinner og bøker</ns0:subfield><ns0:subfield code="d">Oslo : Gyldendal, 1978</ns0:subfield><ns0:subfield code="z">8205108471</ns0:subfield><ns0:subfield code="w">998640976624702201</ns0:subfield></ns0:datafield><ns0:datafield ind1=" " ind2=" " tag="901"><ns0:subfield code="a">80</ns0:subfield></ns0:datafield><ns0:datafield ind1=" " ind2=" " tag="913"><ns0:subfield code="a">Collett</ns0:subfield><ns0:subfield code="b">NB</ns0:subfield></ns0:datafield></ns0:record>