
<ns0:record xsi:schemaLocation="http://www.loc.gov/MARC21/slim http://www.loc.gov/standards/marcxml/schema/MARC21slim.xsd"><ns0:leader>01502cam a2200409 c 4500</ns0:leader><ns0:controlfield tag="005">20220329122228.0</ns0:controlfield><ns0:controlfield tag="007">ta</ns0:controlfield><ns0:controlfield tag="007">cr||||||||||||</ns0:controlfield><ns0:controlfield tag="008">130806s1991    xx ||||| |||||000|f|eng|d</ns0:controlfield><ns0:controlfield tag="001">999200774634702201</ns0:controlfield><ns0:datafield ind1=" " ind2=" " tag="015"><ns0:subfield code="a">9103243</ns0:subfield><ns0:subfield code="2">nbf</ns0:subfield></ns0:datafield><ns0:datafield ind1=" " ind2=" " tag="020"><ns0:subfield code="a">1870041178</ns0:subfield><ns0:subfield code="q">h.</ns0:subfield></ns0:datafield><ns0:datafield ind1=" " ind2=" " tag="020"><ns0:subfield code="a">9781870041171</ns0:subfield><ns0:subfield code="q">h.</ns0:subfield></ns0:datafield><ns0:datafield ind1=" " ind2=" " tag="035"><ns0:subfield code="a">920077463-47bibsys_network</ns0:subfield></ns0:datafield><ns0:datafield ind1=" " ind2=" " tag="035"><ns0:subfield code="a">(NO-TrBIB)920077463</ns0:subfield></ns0:datafield><ns0:datafield ind1=" " ind2=" " tag="035"><ns0:subfield code="a">(NO-TrBIB)121512363</ns0:subfield></ns0:datafield><ns0:datafield ind1=" " ind2=" " tag="040"><ns0:subfield code="a">NO-TrBIB</ns0:subfield><ns0:subfield code="b">nob</ns0:subfield><ns0:subfield code="e">katreg</ns0:subfield></ns0:datafield><ns0:datafield ind1="1" ind2=" " tag="041"><ns0:subfield code="h">nob</ns0:subfield><ns0:subfield code="a">eng</ns0:subfield></ns0:datafield><ns0:datafield ind1=" " ind2=" " tag="044"><ns0:subfield code="c">gb</ns0:subfield></ns0:datafield><ns0:datafield ind1="7" ind2="4" tag="082"><ns0:subfield code="a">839.823</ns0:subfield><ns0:subfield code="q">NO-OsNB</ns0:subfield><ns0:subfield code="2">4/nor</ns0:subfield></ns0:datafield><ns0:datafield ind1="1" ind2=" " tag="100"><ns0:subfield code="a">Collett, Camilla</ns0:subfield><ns0:subfield code="d">1813-1895</ns0:subfield><ns0:subfield code="0">(NO-TrBIB)90091665</ns0:subfield><ns0:subfield code="4">aut</ns0:subfield></ns0:datafield><ns0:datafield ind1="1" ind2="4" tag="245"><ns0:subfield code="a">The district governor's daughters</ns0:subfield><ns0:subfield code="c">Camilla Collett ; translated by Kirsten Seaver</ns0:subfield></ns0:datafield><ns0:datafield ind1="1" ind2=" " tag="246"><ns0:subfield code="a">Amtmandens Døttre</ns0:subfield><ns0:subfield code="i">Originaltittel</ns0:subfield></ns0:datafield><ns0:datafield ind1=" " ind2=" " tag="260"><ns0:subfield code="a">Norwich</ns0:subfield><ns0:subfield code="b">Norvik Press</ns0:subfield><ns0:subfield code="c">1991</ns0:subfield></ns0:datafield><ns0:datafield ind1=" " ind2=" " tag="300"><ns0:subfield code="a">312 s.</ns0:subfield><ns0:subfield code="c">19 cm</ns0:subfield></ns0:datafield><ns0:datafield ind1="0" ind2=" " tag="490"><ns0:subfield code="a">Norvik press series B</ns0:subfield><ns0:subfield code="v">10</ns0:subfield></ns0:datafield><ns0:datafield ind1=" " ind2=" " tag="500"><ns0:subfield code="a">Originalutgaven Christiania : Johan Dahl, 1855</ns0:subfield></ns0:datafield><ns0:datafield ind1=" " ind2=" " tag="533"><ns0:subfield code="a">Elektronisk reproduksjon</ns0:subfield><ns0:subfield code="b">[Norge]</ns0:subfield><ns0:subfield code="c">Nasjonalbiblioteket Digital</ns0:subfield><ns0:subfield code="d">2012-03-21</ns0:subfield></ns0:datafield><ns0:datafield ind1="1" ind2=" " tag="700"><ns0:subfield code="a">Seaver, Kirsten A.</ns0:subfield><ns0:subfield code="d">1934-</ns0:subfield><ns0:subfield code="4">trl</ns0:subfield><ns0:subfield code="0">(NO-TrBIB)90755328</ns0:subfield><ns0:subfield code="4">trl</ns0:subfield></ns0:datafield><ns0:datafield ind1="0" ind2=" " tag="740"><ns0:subfield code="a">Amtmannens døtre</ns0:subfield></ns0:datafield><ns0:datafield ind1="0" ind2=" " tag="740"><ns0:subfield code="a">Amtmandens Døtre</ns0:subfield></ns0:datafield><ns0:datafield ind1="4" ind2="2" tag="856"><ns0:subfield code="3">Beskrivelse fra forlaget (kort)</ns0:subfield><ns0:subfield code="u">http://content.bibsys.no/content/?type=descr_publ_brief&amp;isbn=1870041178</ns0:subfield></ns0:datafield><ns0:datafield ind1="4" ind2="1" tag="856"><ns0:subfield code="3">Fulltekst</ns0:subfield><ns0:subfield code="u">https://www.nb.no/search?q=oaiid:"oai:nb.bibsys.no:999200774634702202"&amp;mediatype=bøker</ns0:subfield><ns0:subfield code="y">Nettbiblioteket</ns0:subfield><ns0:subfield code="z">Søke-URL</ns0:subfield></ns0:datafield><ns0:datafield ind1=" " ind2=" " tag="901"><ns0:subfield code="a">80</ns0:subfield></ns0:datafield><ns0:datafield ind1=" " ind2=" " tag="913"><ns0:subfield code="a">Collett</ns0:subfield><ns0:subfield code="b">NB</ns0:subfield></ns0:datafield><ns0:datafield ind1=" " ind2=" " tag="913"><ns0:subfield code="a">Norbok</ns0:subfield><ns0:subfield code="b">NB</ns0:subfield></ns0:datafield><ns0:datafield ind1=" " ind2=" " tag="991"><ns0:subfield code="a">volumes</ns0:subfield></ns0:datafield></ns0:record>