
<ns0:record xsi:schemaLocation="http://www.loc.gov/MARC21/slim http://www.loc.gov/standards/marcxml/schema/MARC21slim.xsd"><ns0:leader>01986cam a2200493 c 4500</ns0:leader><ns0:controlfield tag="005">20211101041308.0</ns0:controlfield><ns0:controlfield tag="007">ta</ns0:controlfield><ns0:controlfield tag="007">cr||||||||||||</ns0:controlfield><ns0:controlfield tag="008">141002s1934    xx ||||| |||||000|u|nob|d</ns0:controlfield><ns0:controlfield tag="001">998020071714702201</ns0:controlfield><ns0:datafield ind1=" " ind2=" " tag="035"><ns0:subfield code="a">802007171-47bibsys_network</ns0:subfield></ns0:datafield><ns0:datafield ind1=" " ind2=" " tag="035"><ns0:subfield code="a">(NO-TrBIB)802007171</ns0:subfield></ns0:datafield><ns0:datafield ind1=" " ind2=" " tag="035"><ns0:subfield code="a">(NO-TrBIB)100723721</ns0:subfield></ns0:datafield><ns0:datafield ind1=" " ind2=" " tag="040"><ns0:subfield code="a">NO-TrBIB</ns0:subfield><ns0:subfield code="b">nob</ns0:subfield><ns0:subfield code="e">katreg</ns0:subfield></ns0:datafield><ns0:datafield ind1=" " ind2=" " tag="080"><ns0:subfield code="a">839.6</ns0:subfield></ns0:datafield><ns0:datafield ind1=" " ind2=" " tag="080"><ns0:subfield code="a">92</ns0:subfield></ns0:datafield><ns0:datafield ind1=" " ind2=" " tag="080"><ns0:subfield code="a">929 Collett</ns0:subfield></ns0:datafield><ns0:datafield ind1=" " ind2=" " tag="084"><ns0:subfield code="a">Ab 29d: Collett</ns0:subfield><ns0:subfield code="2">ubtkl/2</ns0:subfield></ns0:datafield><ns0:datafield ind1=" " ind2=" " tag="084"><ns0:subfield code="a">Y XVa2</ns0:subfield><ns0:subfield code="2">oosk</ns0:subfield></ns0:datafield><ns0:datafield ind1=" " ind2=" " tag="084"><ns0:subfield code="a">L 6</ns0:subfield><ns0:subfield code="q">NoOU</ns0:subfield><ns0:subfield code="2">utklklass</ns0:subfield></ns0:datafield><ns0:datafield ind1="1" ind2=" " tag="100"><ns0:subfield code="a">Collett, Camilla</ns0:subfield><ns0:subfield code="d">1813-1895</ns0:subfield><ns0:subfield code="0">(NO-TrBIB)90091665</ns0:subfield></ns0:datafield><ns0:datafield ind1="1" ind2="0" tag="245"><ns0:subfield code="a">Dagbøker og breve</ns0:subfield><ns0:subfield code="n">[5]</ns0:subfield><ns0:subfield code="p">Studenteraar : oplevelser og refleksioner 1831-1838 / Peter Jonas Collett</ns0:subfield></ns0:datafield><ns0:datafield ind1=" " ind2=" " tag="260"><ns0:subfield code="a">Oslo</ns0:subfield><ns0:subfield code="b">Gyldendal</ns0:subfield><ns0:subfield code="c">1934</ns0:subfield></ns0:datafield><ns0:datafield ind1=" " ind2=" " tag="300"><ns0:subfield code="a">367 s.</ns0:subfield></ns0:datafield><ns0:datafield ind1=" " ind2=" " tag="533"><ns0:subfield code="a">Elektronisk reproduksjon</ns0:subfield><ns0:subfield code="b">[Norge]</ns0:subfield><ns0:subfield code="c">Nasjonalbiblioteket Digital</ns0:subfield><ns0:subfield code="d">2010-03-26</ns0:subfield></ns0:datafield><ns0:datafield ind1="1" ind2="7" tag="600"><ns0:subfield code="a">Collett, P.J.</ns0:subfield><ns0:subfield code="d">1813-1851</ns0:subfield><ns0:subfield code="0">(NO-TrBIB)90345021</ns0:subfield><ns0:subfield code="2">bare</ns0:subfield></ns0:datafield><ns0:datafield ind1="1" ind2="7" tag="600"><ns0:subfield code="a">Collett, Camilla</ns0:subfield><ns0:subfield code="d">1813-1895</ns0:subfield><ns0:subfield code="0">(NO-TrBIB)90091665</ns0:subfield><ns0:subfield code="2">bare</ns0:subfield></ns0:datafield><ns0:datafield ind1=" " ind2=" " tag="653"><ns0:subfield code="a">dagbøker</ns0:subfield></ns0:datafield><ns0:datafield ind1=" " ind2="7" tag="651"><ns0:subfield code="a">Norge</ns0:subfield><ns0:subfield code="2">humord</ns0:subfield><ns0:subfield code="0">(NO-TrBIB)HUME02605</ns0:subfield></ns0:datafield><ns0:datafield ind1=" " ind2="7" tag="648"><ns0:subfield code="a">1800-tallet</ns0:subfield><ns0:subfield code="2">humord</ns0:subfield><ns0:subfield code="0">(NO-TrBIB)HUME10978</ns0:subfield></ns0:datafield><ns0:datafield ind1=" " ind2="7" tag="655"><ns0:subfield code="a">Brev</ns0:subfield><ns0:subfield code="2">collett</ns0:subfield></ns0:datafield><ns0:datafield ind1=" " ind2="7" tag="655"><ns0:subfield code="a">Dagbok</ns0:subfield><ns0:subfield code="2">collett</ns0:subfield></ns0:datafield><ns0:datafield ind1=" " ind2="7" tag="655"><ns0:subfield code="a">Memoarer</ns0:subfield><ns0:subfield code="2">humord</ns0:subfield><ns0:subfield code="0">(NO-TrBIB)HUME01059</ns0:subfield></ns0:datafield><ns0:datafield ind1=" " ind2="7" tag="655"><ns0:subfield code="a">Dagbøker</ns0:subfield><ns0:subfield code="2">humord</ns0:subfield><ns0:subfield code="0">(NO-TrBIB)HUME01070</ns0:subfield></ns0:datafield><ns0:datafield ind1=" " ind2="7" tag="650"><ns0:subfield code="a">Studenter</ns0:subfield><ns0:subfield code="2">humord</ns0:subfield><ns0:subfield code="0">(NO-TrBIB)HUME07376</ns0:subfield></ns0:datafield><ns0:datafield ind1=" " ind2="7" tag="650"><ns0:subfield code="a">Biografier</ns0:subfield><ns0:subfield code="2">humord</ns0:subfield><ns0:subfield code="0">(NO-TrBIB)HUME06697</ns0:subfield></ns0:datafield><ns0:datafield ind1=" " ind2="7" tag="650"><ns0:subfield code="a">Selvbiografier</ns0:subfield><ns0:subfield code="2">humord</ns0:subfield><ns0:subfield code="0">(NO-TrBIB)HUME06698</ns0:subfield></ns0:datafield><ns0:datafield ind1="1" ind2=" " tag="700"><ns0:subfield code="a">Amundsen, Leiv</ns0:subfield><ns0:subfield code="d">1898-1987</ns0:subfield><ns0:subfield code="0">(NO-TrBIB)90052214</ns0:subfield></ns0:datafield><ns0:datafield ind1="1" ind2=" " tag="700"><ns0:subfield code="a">Collett, P.J.</ns0:subfield><ns0:subfield code="d">1813-1851</ns0:subfield><ns0:subfield code="0">(NO-TrBIB)90345021</ns0:subfield></ns0:datafield><ns0:datafield ind1="0" ind2=" " tag="776"><ns0:subfield code="t">Studenteraar : oplevelser og refleksioner 1831-1838</ns0:subfield><ns0:subfield code="w">991435239884702201</ns0:subfield></ns0:datafield><ns0:datafield ind1="0" ind2="8" tag="773"><ns0:subfield code="i">Inkludert i</ns0:subfield><ns0:subfield code="a">Collett, Camilla, 1813-1895</ns0:subfield><ns0:subfield code="t">Dagbøker og breve</ns0:subfield><ns0:subfield code="d">Oslo : Gyldendal, 1926-1934</ns0:subfield><ns0:subfield code="g">[5]</ns0:subfield><ns0:subfield code="w">997820259784702201</ns0:subfield></ns0:datafield><ns0:datafield ind1="4" ind2="1" tag="856"><ns0:subfield code="3">Fulltekst</ns0:subfield><ns0:subfield code="u">https://www.nb.no/search?q=oaiid:"oai:nb.bibsys.no:998020071714702202"&amp;mediatype=bøker</ns0:subfield><ns0:subfield code="y">Nettbiblioteket</ns0:subfield><ns0:subfield code="z">Søke-URL</ns0:subfield></ns0:datafield><ns0:datafield ind1=" " ind2=" " tag="901"><ns0:subfield code="a">80</ns0:subfield></ns0:datafield><ns0:datafield ind1=" " ind2=" " tag="913"><ns0:subfield code="a">Collett</ns0:subfield><ns0:subfield code="b">NB</ns0:subfield></ns0:datafield></ns0:record>