
<ns0:record xsi:schemaLocation="http://www.loc.gov/MARC21/slim http://www.loc.gov/standards/marcxml/schema/MARC21slim.xsd"><ns0:leader>01438cam a2200409 c 4500</ns0:leader><ns0:controlfield tag="005">20211101030752.0</ns0:controlfield><ns0:controlfield tag="007">ta</ns0:controlfield><ns0:controlfield tag="007">cr||||||||||||</ns0:controlfield><ns0:controlfield tag="008">150409s1977    no#||||| |||||000|0|nob|d</ns0:controlfield><ns0:controlfield tag="001">998880152084702201</ns0:controlfield><ns0:datafield ind1=" " ind2=" " tag="015"><ns0:subfield code="a">7700001</ns0:subfield><ns0:subfield code="2">nbf</ns0:subfield></ns0:datafield><ns0:datafield ind1=" " ind2=" " tag="020"><ns0:subfield code="a">8200050068</ns0:subfield><ns0:subfield code="q">h.</ns0:subfield><ns0:subfield code="c">Nkr 45.00</ns0:subfield></ns0:datafield><ns0:datafield ind1=" " ind2=" " tag="035"><ns0:subfield code="a">888015208-47bibsys_network</ns0:subfield></ns0:datafield><ns0:datafield ind1=" " ind2=" " tag="035"><ns0:subfield code="a">(NO-TrBIB)888015208</ns0:subfield></ns0:datafield><ns0:datafield ind1=" " ind2=" " tag="035"><ns0:subfield code="a">(NO-TrBIB)113827458</ns0:subfield></ns0:datafield><ns0:datafield ind1=" " ind2=" " tag="040"><ns0:subfield code="a">NO-TrBIB</ns0:subfield><ns0:subfield code="b">nob</ns0:subfield><ns0:subfield code="e">katreg</ns0:subfield></ns0:datafield><ns0:datafield ind1=" " ind2=" " tag="044"><ns0:subfield code="c">no</ns0:subfield></ns0:datafield><ns0:datafield ind1=" " ind2=" " tag="080"><ns0:subfield code="a">839.6.0</ns0:subfield></ns0:datafield><ns0:datafield ind1=" " ind2=" " tag="080"><ns0:subfield code="a">839.6</ns0:subfield></ns0:datafield><ns0:datafield ind1=" " ind2=" " tag="080"><ns0:subfield code="a">839.6Collett</ns0:subfield></ns0:datafield><ns0:datafield ind1="0" ind2="4" tag="082"><ns0:subfield code="a">839.828</ns0:subfield><ns0:subfield code="2">23</ns0:subfield></ns0:datafield><ns0:datafield ind1="7" ind2="4" tag="082"><ns0:subfield code="a">839.909</ns0:subfield><ns0:subfield code="q">NO-OsNB</ns0:subfield><ns0:subfield code="2">3/nor</ns0:subfield></ns0:datafield><ns0:datafield ind1=" " ind2=" " tag="084"><ns0:subfield code="a">Ab 29d: Collett</ns0:subfield><ns0:subfield code="2">ubtkl/2</ns0:subfield></ns0:datafield><ns0:datafield ind1="0" ind2="0" tag="245"><ns0:subfield code="a">Søkelys på Amtmandens Døtre</ns0:subfield><ns0:subfield code="c">ved Sigurd Aa. Aarnes</ns0:subfield></ns0:datafield><ns0:datafield ind1=" " ind2=" " tag="260"><ns0:subfield code="a">Oslo</ns0:subfield><ns0:subfield code="b">Universitetsforl.</ns0:subfield><ns0:subfield code="c">cop. 1977</ns0:subfield></ns0:datafield><ns0:datafield ind1=" " ind2=" " tag="300"><ns0:subfield code="a">160 s.</ns0:subfield></ns0:datafield><ns0:datafield ind1=" " ind2=" " tag="533"><ns0:subfield code="a">Elektronisk reproduksjon</ns0:subfield><ns0:subfield code="b">[Norge]</ns0:subfield><ns0:subfield code="c">Nasjonalbiblioteket Digital</ns0:subfield><ns0:subfield code="d">2011-07-28</ns0:subfield></ns0:datafield><ns0:datafield ind1=" " ind2=" " tag="653"><ns0:subfield code="a">norsk</ns0:subfield><ns0:subfield code="a">litteraturhistorie</ns0:subfield><ns0:subfield code="a">collett</ns0:subfield><ns0:subfield code="a">camilla</ns0:subfield><ns0:subfield code="a">forf</ns0:subfield><ns0:subfield code="a">litteratur</ns0:subfield><ns0:subfield code="a">enkelte</ns0:subfield><ns0:subfield code="a">forfattere</ns0:subfield></ns0:datafield><ns0:datafield ind1=" " ind2="7" tag="648"><ns0:subfield code="a">1800-tallet</ns0:subfield><ns0:subfield code="2">humord</ns0:subfield><ns0:subfield code="0">(NO-TrBIB)HUME10978</ns0:subfield></ns0:datafield><ns0:datafield ind1=" " ind2="7" tag="650"><ns0:subfield code="a">Norsk litteratur</ns0:subfield><ns0:subfield code="2">humord</ns0:subfield><ns0:subfield code="0">(NO-TrBIB)HUME06959</ns0:subfield></ns0:datafield><ns0:datafield ind1="1" ind2="7" tag="600"><ns0:subfield code="a">Collett, Camilla</ns0:subfield><ns0:subfield code="d">1813-1895</ns0:subfield><ns0:subfield code="t">Amtmandens Døttre</ns0:subfield><ns0:subfield code="0">(NO-TrBIB)90091665</ns0:subfield><ns0:subfield code="2">bare</ns0:subfield></ns0:datafield><ns0:datafield ind1="1" ind2=" " tag="700"><ns0:subfield code="a">Aarnes, Sigurd Aa.</ns0:subfield><ns0:subfield code="d">1924-2007</ns0:subfield><ns0:subfield code="0">(NO-TrBIB)90085030</ns0:subfield></ns0:datafield><ns0:datafield ind1="4" ind2="1" tag="856"><ns0:subfield code="3">Fulltekst</ns0:subfield><ns0:subfield code="u">https://www.nb.no/search?q=oaiid:"oai:nb.bibsys.no:998880152084702202"&amp;mediatype=bøker</ns0:subfield><ns0:subfield code="y">Nettbiblioteket</ns0:subfield><ns0:subfield code="z">Søke-URL</ns0:subfield></ns0:datafield><ns0:datafield ind1=" " ind2=" " tag="901"><ns0:subfield code="a">80</ns0:subfield></ns0:datafield><ns0:datafield ind1=" " ind2=" " tag="913"><ns0:subfield code="a">Collett</ns0:subfield><ns0:subfield code="b">NB</ns0:subfield></ns0:datafield><ns0:datafield ind1=" " ind2=" " tag="913"><ns0:subfield code="a">Norbok</ns0:subfield><ns0:subfield code="b">NB</ns0:subfield></ns0:datafield><ns0:datafield ind1=" " ind2=" " tag="991"><ns0:subfield code="a">volumes</ns0:subfield></ns0:datafield></ns0:record>