
<ns0:record xsi:schemaLocation="http://www.loc.gov/MARC21/slim http://www.loc.gov/standards/marcxml/schema/MARC21slim.xsd"><ns0:leader>00928cam a22002537c 4500</ns0:leader><ns0:controlfield tag="005">20170126165229.0</ns0:controlfield><ns0:controlfield tag="007">ta</ns0:controlfield><ns0:controlfield tag="008">130806s1979    xx#|||||||||||000|u|nob|d</ns0:controlfield><ns0:controlfield tag="001">999103744494702201</ns0:controlfield><ns0:datafield ind1=" " ind2=" " tag="020"><ns0:subfield code="a">090054760X</ns0:subfield></ns0:datafield><ns0:datafield ind1=" " ind2=" " tag="020"><ns0:subfield code="a">0900547596</ns0:subfield></ns0:datafield><ns0:datafield ind1=" " ind2=" " tag="035"><ns0:subfield code="a">910374449-47bibsys_network</ns0:subfield></ns0:datafield><ns0:datafield ind1=" " ind2=" " tag="035"><ns0:subfield code="a">(NO-TrBIB)910374449</ns0:subfield></ns0:datafield><ns0:datafield ind1=" " ind2=" " tag="040"><ns0:subfield code="a">NO-TrBIB</ns0:subfield><ns0:subfield code="b">nob</ns0:subfield><ns0:subfield code="e">katreg</ns0:subfield></ns0:datafield><ns0:datafield ind1="0" ind2="0" tag="245"><ns0:subfield code="a">Norsk litteraturantologi</ns0:subfield><ns0:subfield code="b">tekster, opptak, kommentarer</ns0:subfield><ns0:subfield code="n">1</ns0:subfield><ns0:subfield code="p">Fra Petter Dass (1647-1707) til Camilla Collett (1813-1895)</ns0:subfield></ns0:datafield><ns0:datafield ind1=" " ind2=" " tag="260"><ns0:subfield code="a">London</ns0:subfield><ns0:subfield code="c">1979</ns0:subfield></ns0:datafield><ns0:datafield ind1="1" ind2="7" tag="600"><ns0:subfield code="a">Collett, Camilla</ns0:subfield><ns0:subfield code="d">1813-1895</ns0:subfield><ns0:subfield code="0">(NO-TrBIB)90091665</ns0:subfield><ns0:subfield code="2">bare</ns0:subfield></ns0:datafield><ns0:datafield ind1="1" ind2=" " tag="700"><ns0:subfield code="a">Popperwell, Ronald G.</ns0:subfield><ns0:subfield code="0">(NO-TrBIB)98077496</ns0:subfield></ns0:datafield><ns0:datafield ind1="1" ind2=" " tag="700"><ns0:subfield code="a">Støverud, Torbjørn,</ns0:subfield><ns0:subfield code="d">1918-2000</ns0:subfield><ns0:subfield code="0">(NO-TrBIB)98029554</ns0:subfield></ns0:datafield><ns0:datafield ind1="1" ind2=" " tag="700"><ns0:subfield code="a">Smidt, Aagot Karner,</ns0:subfield><ns0:subfield code="d">1914-1978</ns0:subfield><ns0:subfield code="0">(NO-TrBIB)90505921</ns0:subfield></ns0:datafield><ns0:datafield ind1="0" ind2="8" tag="773"><ns0:subfield code="i">Inkludert i</ns0:subfield><ns0:subfield code="t">Norsk litteraturantologi</ns0:subfield><ns0:subfield code="d">London, 1979</ns0:subfield><ns0:subfield code="g">1</ns0:subfield><ns0:subfield code="z">0900547596</ns0:subfield><ns0:subfield code="w">999103744144702201</ns0:subfield></ns0:datafield><ns0:datafield ind1=" " ind2=" " tag="901"><ns0:subfield code="a">60</ns0:subfield></ns0:datafield><ns0:datafield ind1=" " ind2=" " tag="913"><ns0:subfield code="a">Collett</ns0:subfield><ns0:subfield code="b">NB</ns0:subfield></ns0:datafield><ns0:datafield ind1=" " ind2=" " tag="991"><ns0:subfield code="a">volumes</ns0:subfield></ns0:datafield></ns0:record>