
<ns0:record xsi:schemaLocation="http://www.loc.gov/MARC21/slim http://www.loc.gov/standards/marcxml/schema/MARC21slim.xsd"><ns0:leader>01650cam a2200445 c 4500</ns0:leader><ns0:controlfield tag="005">20211206225614.0</ns0:controlfield><ns0:controlfield tag="007">ta</ns0:controlfield><ns0:controlfield tag="008">151015s2015    no |||||||||||000|0bnob| </ns0:controlfield><ns0:controlfield tag="001">991516400844702201</ns0:controlfield><ns0:datafield ind1=" " ind2=" " tag="015"><ns0:subfield code="a">1530452</ns0:subfield><ns0:subfield code="2">nbf</ns0:subfield></ns0:datafield><ns0:datafield ind1=" " ind2=" " tag="020"><ns0:subfield code="a">9788293247098</ns0:subfield><ns0:subfield code="q">ib.</ns0:subfield></ns0:datafield><ns0:datafield ind1=" " ind2=" " tag="035"><ns0:subfield code="a">151640084-47bibsys_network</ns0:subfield></ns0:datafield><ns0:datafield ind1=" " ind2=" " tag="035"><ns0:subfield code="a">(NO-TrBIB)151640084</ns0:subfield></ns0:datafield><ns0:datafield ind1=" " ind2=" " tag="040"><ns0:subfield code="a">NO-OsNB</ns0:subfield><ns0:subfield code="b">nob</ns0:subfield><ns0:subfield code="e">katreg</ns0:subfield></ns0:datafield><ns0:datafield ind1=" " ind2=" " tag="042"><ns0:subfield code="a">norbibl</ns0:subfield></ns0:datafield><ns0:datafield ind1=" " ind2=" " tag="044"><ns0:subfield code="c">no</ns0:subfield></ns0:datafield><ns0:datafield ind1="0" ind2="4" tag="082"><ns0:subfield code="a">948.1024092</ns0:subfield><ns0:subfield code="q">NO-OsNB</ns0:subfield><ns0:subfield code="2">23/nor</ns0:subfield></ns0:datafield><ns0:datafield ind1="0" ind2=" " tag="083"><ns0:subfield code="a">948.2231</ns0:subfield><ns0:subfield code="2">23</ns0:subfield></ns0:datafield><ns0:datafield ind1="0" ind2=" " tag="083"><ns0:subfield code="a">948.1031092</ns0:subfield><ns0:subfield code="q">NO-OsNB</ns0:subfield><ns0:subfield code="2">23/nor</ns0:subfield></ns0:datafield><ns0:datafield ind1="1" ind2=" " tag="100"><ns0:subfield code="a">Ljødal, Gunner</ns0:subfield><ns0:subfield code="d">1936-</ns0:subfield><ns0:subfield code="4">aut</ns0:subfield><ns0:subfield code="0">(NO-TrBIB)5034357</ns0:subfield></ns0:datafield><ns0:datafield ind1="1" ind2="0" tag="245"><ns0:subfield code="a">Nicolai Philolaos Wergeland :</ns0:subfield><ns0:subfield code="b">Eidsvoll i gamle dager 8 : før og nå : Eidsvolls kvinner og menn</ns0:subfield><ns0:subfield code="c">Gunner Ljødal</ns0:subfield></ns0:datafield><ns0:datafield ind1=" " ind2=" " tag="260"><ns0:subfield code="a">Eidsvoll</ns0:subfield><ns0:subfield code="b">Balder forl.</ns0:subfield><ns0:subfield code="c">2015</ns0:subfield></ns0:datafield><ns0:datafield ind1=" " ind2=" " tag="300"><ns0:subfield code="a">352 s.</ns0:subfield><ns0:subfield code="b">ill.</ns0:subfield></ns0:datafield><ns0:datafield ind1="1" ind2=" " tag="490"><ns0:subfield code="a">Livets nøkkel</ns0:subfield><ns0:subfield code="v">bok nr. 20</ns0:subfield></ns0:datafield><ns0:datafield ind1=" " ind2=" " tag="533"><ns0:subfield code="a">Elektronisk reproduksjon</ns0:subfield><ns0:subfield code="b">[Norge]</ns0:subfield><ns0:subfield code="c">Nasjonalbiblioteket Digital</ns0:subfield><ns0:subfield code="d">2018-06-28</ns0:subfield></ns0:datafield><ns0:datafield ind1="1" ind2="7" tag="600"><ns0:subfield code="a">Wergeland, Nicolai</ns0:subfield><ns0:subfield code="d">1780-1848</ns0:subfield><ns0:subfield code="0">(NO-TrBIB)90542869</ns0:subfield><ns0:subfield code="2">bare</ns0:subfield></ns0:datafield><ns0:datafield ind1="1" ind2="7" tag="600"><ns0:subfield code="a">Wergeland, Henrik</ns0:subfield><ns0:subfield code="d">1808-1845</ns0:subfield><ns0:subfield code="0">(NO-TrBIB)90054061</ns0:subfield><ns0:subfield code="2">bare</ns0:subfield></ns0:datafield><ns0:datafield ind1="1" ind2="7" tag="600"><ns0:subfield code="a">Collett, Camilla</ns0:subfield><ns0:subfield code="d">1813-1895</ns0:subfield><ns0:subfield code="0">(NO-TrBIB)90091665</ns0:subfield><ns0:subfield code="2">bare</ns0:subfield></ns0:datafield><ns0:datafield ind1=" " ind2="7" tag="650"><ns0:subfield code="a">Union</ns0:subfield><ns0:subfield code="2">bib1814</ns0:subfield></ns0:datafield><ns0:datafield ind1=" " ind2="7" tag="651"><ns0:subfield code="a">Eidsvoll</ns0:subfield><ns0:subfield code="2">bib1814</ns0:subfield></ns0:datafield><ns0:datafield ind1=" " ind2="7" tag="651"><ns0:subfield code="a">Eidsvoll</ns0:subfield><ns0:subfield code="2">collett</ns0:subfield></ns0:datafield><ns0:datafield ind1=" " ind2="7" tag="651"><ns0:subfield code="a">Eidsvoll</ns0:subfield><ns0:subfield code="2">norbok</ns0:subfield></ns0:datafield><ns0:datafield ind1="0" ind2=" " tag="740"><ns0:subfield code="a">Eidsvoll i gamle dager 8</ns0:subfield></ns0:datafield><ns0:datafield ind1="0" ind2=" " tag="740"><ns0:subfield code="a">Eidsvoll i gamle dager</ns0:subfield></ns0:datafield><ns0:datafield ind1="1" ind2=" " tag="800"><ns0:subfield code="a">Ljødal, Gunner</ns0:subfield><ns0:subfield code="d">1936-</ns0:subfield><ns0:subfield code="t">Livets nøkkel</ns0:subfield><ns0:subfield code="v">bok nr. 20</ns0:subfield><ns0:subfield code="0">(NO-TrBIB)5034357</ns0:subfield></ns0:datafield><ns0:datafield ind1="4" ind2="1" tag="856"><ns0:subfield code="3">Fulltekst</ns0:subfield><ns0:subfield code="u">https://www.nb.no/search?q=oaiid:"oai:nb.bibsys.no:991516400844702202"&amp;mediatype=bøker</ns0:subfield><ns0:subfield code="y">Nettbiblioteket</ns0:subfield><ns0:subfield code="z">Søke-URL</ns0:subfield></ns0:datafield><ns0:datafield ind1=" " ind2=" " tag="901"><ns0:subfield code="a">90</ns0:subfield></ns0:datafield><ns0:datafield ind1=" " ind2=" " tag="913"><ns0:subfield code="a">1814</ns0:subfield><ns0:subfield code="b">NB</ns0:subfield></ns0:datafield><ns0:datafield ind1=" " ind2=" " tag="913"><ns0:subfield code="a">Collett</ns0:subfield><ns0:subfield code="b">NB</ns0:subfield></ns0:datafield><ns0:datafield ind1=" " ind2=" " tag="913"><ns0:subfield code="a">Norbok</ns0:subfield><ns0:subfield code="b">NB</ns0:subfield></ns0:datafield></ns0:record>