
<ns0:record xsi:schemaLocation="http://www.loc.gov/MARC21/slim http://www.loc.gov/standards/marcxml/schema/MARC21slim.xsd"><ns0:leader>01342cam a2200373 c 4500</ns0:leader><ns0:controlfield tag="005">20211103123539.0</ns0:controlfield><ns0:controlfield tag="007">ta</ns0:controlfield><ns0:controlfield tag="008">151014s1912    no |||||||||||000|j|nob| </ns0:controlfield><ns0:controlfield tag="001">997521689754702201</ns0:controlfield><ns0:datafield ind1=" " ind2=" " tag="035"><ns0:subfield code="a">752168975-47bibsys_network</ns0:subfield></ns0:datafield><ns0:datafield ind1=" " ind2=" " tag="035"><ns0:subfield code="a">(NO-TrBIB)752168975</ns0:subfield></ns0:datafield><ns0:datafield ind1=" " ind2=" " tag="040"><ns0:subfield code="a">NO-OsNB</ns0:subfield><ns0:subfield code="b">nob</ns0:subfield><ns0:subfield code="e">katreg</ns0:subfield></ns0:datafield><ns0:datafield ind1=" " ind2=" " tag="080"><ns0:subfield code="a">839.6</ns0:subfield></ns0:datafield><ns0:datafield ind1="1" ind2=" " tag="100"><ns0:subfield code="a">Collett, Camilla</ns0:subfield><ns0:subfield code="d">1813-1895</ns0:subfield><ns0:subfield code="0">(NO-TrBIB)90091665</ns0:subfield><ns0:subfield code="4">aut</ns0:subfield></ns0:datafield><ns0:datafield ind1="1" ind2=" " tag="245"><ns0:subfield code="a">Samlede verker</ns0:subfield><ns0:subfield code="n">B. 1</ns0:subfield></ns0:datafield><ns0:datafield ind1=" " ind2=" " tag="250"><ns0:subfield code="a">Mindeudgave</ns0:subfield></ns0:datafield><ns0:datafield ind1=" " ind2=" " tag="260"><ns0:subfield code="a">Kristiania</ns0:subfield><ns0:subfield code="b">Gyldendal</ns0:subfield><ns0:subfield code="c">1912</ns0:subfield></ns0:datafield><ns0:datafield ind1=" " ind2=" " tag="300"><ns0:subfield code="a">549 s.</ns0:subfield><ns0:subfield code="b">port.</ns0:subfield></ns0:datafield><ns0:datafield ind1="0" ind2=" " tag="505"><ns0:subfield code="a">I de lange nætter ; Fortællinger ; Amtmandens døtre I-II</ns0:subfield></ns0:datafield><ns0:datafield ind1=" " ind2=" " tag="533"><ns0:subfield code="a">Elektronisk reproduksjon</ns0:subfield><ns0:subfield code="b">[Norge]</ns0:subfield><ns0:subfield code="c">Nasjonalbiblioteket Digital</ns0:subfield><ns0:subfield code="d">2016-11-02</ns0:subfield></ns0:datafield><ns0:datafield ind1=" " ind2=" " tag="653"><ns0:subfield code="a">norske romaner</ns0:subfield><ns0:subfield code="a">essay</ns0:subfield><ns0:subfield code="a">1800-tallet</ns0:subfield></ns0:datafield><ns0:datafield ind1="0" ind2=" " tag="740"><ns0:subfield code="a">I de lange Nætter</ns0:subfield></ns0:datafield><ns0:datafield ind1="0" ind2=" " tag="740"><ns0:subfield code="a">I de lange netter</ns0:subfield></ns0:datafield><ns0:datafield ind1="0" ind2=" " tag="740"><ns0:subfield code="a">Fortællinger</ns0:subfield></ns0:datafield><ns0:datafield ind1="0" ind2=" " tag="740"><ns0:subfield code="a">Fortellinger</ns0:subfield></ns0:datafield><ns0:datafield ind1="0" ind2=" " tag="740"><ns0:subfield code="a">Amtmandens Døtre</ns0:subfield></ns0:datafield><ns0:datafield ind1="0" ind2=" " tag="740"><ns0:subfield code="a">Amtmandens Døttre</ns0:subfield></ns0:datafield><ns0:datafield ind1="0" ind2=" " tag="740"><ns0:subfield code="a">Amtmannens døtre</ns0:subfield></ns0:datafield><ns0:datafield ind1="0" ind2="8" tag="773"><ns0:subfield code="i">Inkludert i</ns0:subfield><ns0:subfield code="a">Collett, Camilla, 1813-1895</ns0:subfield><ns0:subfield code="s">Verker</ns0:subfield><ns0:subfield code="t">Samlede verker</ns0:subfield><ns0:subfield code="b">Mindeudgave</ns0:subfield><ns0:subfield code="d">Kristiania : Gyldendal, 1912-1913</ns0:subfield><ns0:subfield code="g">1</ns0:subfield><ns0:subfield code="w">997521689674702201</ns0:subfield></ns0:datafield><ns0:datafield ind1="4" ind2="1" tag="856"><ns0:subfield code="3">Fulltekst</ns0:subfield><ns0:subfield code="u">https://www.nb.no/search?q=oaiid:"oai:nb.bibsys.no:997521689754702202"&amp;mediatype=bøker</ns0:subfield><ns0:subfield code="y">Nettbiblioteket</ns0:subfield><ns0:subfield code="z">Søke-URL</ns0:subfield></ns0:datafield><ns0:datafield ind1=" " ind2=" " tag="901"><ns0:subfield code="a">80</ns0:subfield></ns0:datafield><ns0:datafield ind1=" " ind2=" " tag="913"><ns0:subfield code="a">Collett</ns0:subfield><ns0:subfield code="b">NB</ns0:subfield></ns0:datafield><ns0:datafield ind1=" " ind2=" " tag="913"><ns0:subfield code="a">Norbok</ns0:subfield><ns0:subfield code="b">NB</ns0:subfield></ns0:datafield><ns0:datafield ind1=" " ind2=" " tag="991"><ns0:subfield code="a">volumes</ns0:subfield></ns0:datafield></ns0:record>