
<ns0:record xsi:schemaLocation="http://www.loc.gov/MARC21/slim http://www.loc.gov/standards/marcxml/schema/MARC21slim.xsd"><ns0:leader>01229cam a2200349 c 4500</ns0:leader><ns0:controlfield tag="005">20211030194948.0</ns0:controlfield><ns0:controlfield tag="007">ta</ns0:controlfield><ns0:controlfield tag="007">cr||||||||||||</ns0:controlfield><ns0:controlfield tag="008">150309s1913    no ||||| |||||000|1|nob| </ns0:controlfield><ns0:controlfield tag="001">997521746494702201</ns0:controlfield><ns0:datafield ind1=" " ind2=" " tag="035"><ns0:subfield code="a">752174649-47bibsys_network</ns0:subfield></ns0:datafield><ns0:datafield ind1=" " ind2=" " tag="035"><ns0:subfield code="a">(NO-TrBIB)752174649</ns0:subfield></ns0:datafield><ns0:datafield ind1=" " ind2=" " tag="035"><ns0:subfield code="a">(NO-TrBIB)093007310</ns0:subfield></ns0:datafield><ns0:datafield ind1=" " ind2=" " tag="040"><ns0:subfield code="a">NO-OsNB</ns0:subfield><ns0:subfield code="b">nob</ns0:subfield><ns0:subfield code="e">katreg</ns0:subfield></ns0:datafield><ns0:datafield ind1=" " ind2=" " tag="080"><ns0:subfield code="a">839.6</ns0:subfield></ns0:datafield><ns0:datafield ind1="1" ind2=" " tag="100"><ns0:subfield code="a">Collett, Camilla</ns0:subfield><ns0:subfield code="d">1813-1895</ns0:subfield><ns0:subfield code="0">(NO-TrBIB)90091665</ns0:subfield><ns0:subfield code="4">aut</ns0:subfield></ns0:datafield><ns0:datafield ind1="1" ind2=" " tag="245"><ns0:subfield code="a">Samlede verker</ns0:subfield><ns0:subfield code="n">B. 3</ns0:subfield></ns0:datafield><ns0:datafield ind1=" " ind2=" " tag="250"><ns0:subfield code="a">Mindeudgave</ns0:subfield></ns0:datafield><ns0:datafield ind1=" " ind2=" " tag="260"><ns0:subfield code="a">Kristiania</ns0:subfield><ns0:subfield code="b">Gyldendal</ns0:subfield><ns0:subfield code="c">1913</ns0:subfield></ns0:datafield><ns0:datafield ind1=" " ind2=" " tag="300"><ns0:subfield code="a">559 s.</ns0:subfield></ns0:datafield><ns0:datafield ind1="0" ind2=" " tag="505"><ns0:subfield code="a">Mod strømmen I-II ; Efterslæt</ns0:subfield></ns0:datafield><ns0:datafield ind1=" " ind2=" " tag="533"><ns0:subfield code="a">Elektronisk reproduksjon</ns0:subfield><ns0:subfield code="b">[Norge]</ns0:subfield><ns0:subfield code="c">Nasjonalbiblioteket Digital</ns0:subfield><ns0:subfield code="d">2009-09-21</ns0:subfield></ns0:datafield><ns0:datafield ind1=" " ind2=" " tag="653"><ns0:subfield code="a">norske romaner</ns0:subfield><ns0:subfield code="a">essay</ns0:subfield><ns0:subfield code="a">1800-tallet</ns0:subfield></ns0:datafield><ns0:datafield ind1="0" ind2=" " tag="740"><ns0:subfield code="a">Efterslæt</ns0:subfield></ns0:datafield><ns0:datafield ind1="0" ind2=" " tag="740"><ns0:subfield code="a">Mod strømmen</ns0:subfield><ns0:subfield code="n">1</ns0:subfield></ns0:datafield><ns0:datafield ind1="0" ind2=" " tag="740"><ns0:subfield code="a">Mod strømmen</ns0:subfield><ns0:subfield code="n">2</ns0:subfield></ns0:datafield><ns0:datafield ind1="0" ind2="8" tag="773"><ns0:subfield code="i">Inkludert i</ns0:subfield><ns0:subfield code="a">Collett, Camilla, 1813-1895</ns0:subfield><ns0:subfield code="s">Verker</ns0:subfield><ns0:subfield code="t">Samlede verker</ns0:subfield><ns0:subfield code="b">Mindeudgave</ns0:subfield><ns0:subfield code="d">Kristiania : Gyldendal, 1912-1913</ns0:subfield><ns0:subfield code="g">B. 3</ns0:subfield><ns0:subfield code="w">997521689674702201</ns0:subfield></ns0:datafield><ns0:datafield ind1="4" ind2="1" tag="856"><ns0:subfield code="3">Fulltekst</ns0:subfield><ns0:subfield code="u">https://www.nb.no/search?q=oaiid:"oai:nb.bibsys.no:997521746494702202"&amp;mediatype=bøker</ns0:subfield><ns0:subfield code="y">Nettbiblioteket</ns0:subfield><ns0:subfield code="z">Søke-URL</ns0:subfield></ns0:datafield><ns0:datafield ind1=" " ind2=" " tag="901"><ns0:subfield code="a">80</ns0:subfield></ns0:datafield><ns0:datafield ind1=" " ind2=" " tag="913"><ns0:subfield code="a">Collett</ns0:subfield><ns0:subfield code="b">NB</ns0:subfield></ns0:datafield><ns0:datafield ind1=" " ind2=" " tag="913"><ns0:subfield code="a">Norbok</ns0:subfield><ns0:subfield code="b">NB</ns0:subfield></ns0:datafield><ns0:datafield ind1=" " ind2=" " tag="991"><ns0:subfield code="a">volumes</ns0:subfield></ns0:datafield></ns0:record>