
<ns0:record xsi:schemaLocation="http://www.loc.gov/MARC21/slim http://www.loc.gov/standards/marcxml/schema/MARC21slim.xsd"><ns0:leader>00863caa a2200229 c 4500</ns0:leader><ns0:controlfield tag="005">20170815092759.0</ns0:controlfield><ns0:controlfield tag="007">ta</ns0:controlfield><ns0:controlfield tag="008">141203s2013    no ||||||o   |000|0|nob|c</ns0:controlfield><ns0:controlfield tag="001">991443939994702201</ns0:controlfield><ns0:datafield ind1=" " ind2=" " tag="035"><ns0:subfield code="a">144393999-47bibsys_network</ns0:subfield></ns0:datafield><ns0:datafield ind1=" " ind2=" " tag="035"><ns0:subfield code="a">(NO-TrBIB)144393999</ns0:subfield></ns0:datafield><ns0:datafield ind1=" " ind2=" " tag="040"><ns0:subfield code="a">NO-OsNB</ns0:subfield><ns0:subfield code="b">nob</ns0:subfield><ns0:subfield code="e">katreg</ns0:subfield></ns0:datafield><ns0:datafield ind1="1" ind2=" " tag="100"><ns0:subfield code="a">Endreson, Thorunn Gullaksen</ns0:subfield><ns0:subfield code="4">rev</ns0:subfield><ns0:subfield code="0">(NO-TrBIB)5010430</ns0:subfield></ns0:datafield><ns0:datafield ind1="1" ind2="0" tag="245"><ns0:subfield code="a">Tone Selboe: Camilla Collett - engasjerte essays</ns0:subfield><ns0:subfield code="c">av Thorunn Gullaksen Endreson</ns0:subfield></ns0:datafield><ns0:datafield ind1=" " ind2=" " tag="300"><ns0:subfield code="a">S. 392-397</ns0:subfield><ns0:subfield code="b">ill.</ns0:subfield></ns0:datafield><ns0:datafield ind1=" " ind2=" " tag="500"><ns0:subfield code="a">Bokanmeldelse av: Camilla Collett : engasjerte essays / Tone Selboe</ns0:subfield></ns0:datafield><ns0:datafield ind1=" " ind2="7" tag="655"><ns0:subfield code="a">Bokanmeldelse</ns0:subfield><ns0:subfield code="2">collett</ns0:subfield></ns0:datafield><ns0:datafield ind1="1" ind2="7" tag="600"><ns0:subfield code="a">Selboe, Tone</ns0:subfield><ns0:subfield code="d">1959-</ns0:subfield><ns0:subfield code="t">Camilla Collett</ns0:subfield><ns0:subfield code="0">(NO-TrBIB)90644370</ns0:subfield><ns0:subfield code="2">bare</ns0:subfield></ns0:datafield><ns0:datafield ind1="0" ind2=" " tag="773"><ns0:subfield code="t">Tidsskrift for kjønnsforskning (trykt utg.).</ns0:subfield><ns0:subfield code="d">Oslo : Universitetsforl.</ns0:subfield><ns0:subfield code="g">37(2014)nr. 3/4</ns0:subfield><ns0:subfield code="x">0809-6341</ns0:subfield><ns0:subfield code="w">990513838704702201</ns0:subfield></ns0:datafield><ns0:datafield ind1=" " ind2=" " tag="901"><ns0:subfield code="a">80</ns0:subfield></ns0:datafield><ns0:datafield ind1=" " ind2=" " tag="913"><ns0:subfield code="a">Norart</ns0:subfield><ns0:subfield code="b">NB</ns0:subfield></ns0:datafield><ns0:datafield ind1=" " ind2=" " tag="913"><ns0:subfield code="a">Collett</ns0:subfield><ns0:subfield code="b">NB</ns0:subfield></ns0:datafield></ns0:record>