
<ns0:record xsi:schemaLocation="http://www.loc.gov/MARC21/slim http://www.loc.gov/standards/marcxml/schema/MARC21slim.xsd"><ns0:leader>01360cam a2200361 c 4500</ns0:leader><ns0:controlfield tag="005">20190703094839.0</ns0:controlfield><ns0:controlfield tag="007">cr#|||||||||||</ns0:controlfield><ns0:controlfield tag="008">150721s2015    no h|||eo|||||00||0|nob| </ns0:controlfield><ns0:controlfield tag="001">991514116114702201</ns0:controlfield><ns0:datafield ind1=" " ind2=" " tag="015"><ns0:subfield code="a">1523994</ns0:subfield><ns0:subfield code="2">nbf</ns0:subfield></ns0:datafield><ns0:datafield ind1=" " ind2=" " tag="020"><ns0:subfield code="a">978-82-7965-239-7</ns0:subfield><ns0:subfield code="q">epub</ns0:subfield><ns0:subfield code="c">Gratis</ns0:subfield></ns0:datafield><ns0:datafield ind1=" " ind2=" " tag="020"><ns0:subfield code="a">978-82-7965-238-0</ns0:subfield><ns0:subfield code="q">digital</ns0:subfield><ns0:subfield code="c">Gratis</ns0:subfield></ns0:datafield><ns0:datafield ind1=" " ind2=" " tag="020"><ns0:subfield code="a">978-82-7965-240-3</ns0:subfield><ns0:subfield code="q">mobi</ns0:subfield><ns0:subfield code="c">Gratis</ns0:subfield></ns0:datafield><ns0:datafield ind1=" " ind2=" " tag="035"><ns0:subfield code="a">(NO-TrBIB)151411611</ns0:subfield></ns0:datafield><ns0:datafield ind1=" " ind2=" " tag="040"><ns0:subfield code="a">NO-OsNB</ns0:subfield><ns0:subfield code="b">nob</ns0:subfield><ns0:subfield code="e">katreg</ns0:subfield></ns0:datafield><ns0:datafield ind1=" " ind2=" " tag="042"><ns0:subfield code="a">norbibl</ns0:subfield></ns0:datafield><ns0:datafield ind1=" " ind2=" " tag="044"><ns0:subfield code="c">no</ns0:subfield></ns0:datafield><ns0:datafield ind1="0" ind2="4" tag="082"><ns0:subfield code="a">058.8209034</ns0:subfield><ns0:subfield code="2">23/nor</ns0:subfield><ns0:subfield code="q">NO-OsNB</ns0:subfield></ns0:datafield><ns0:datafield ind1="1" ind2=" " tag="100"><ns0:subfield code="a">Collett, Camilla</ns0:subfield><ns0:subfield code="d">1813-1895</ns0:subfield><ns0:subfield code="4">aut</ns0:subfield><ns0:subfield code="0">(NO-TrBIB)90091665</ns0:subfield></ns0:datafield><ns0:datafield ind1="1" ind2="0" tag="245"><ns0:subfield code="a">Forloren skildpadde</ns0:subfield><ns0:subfield code="h">[elektronisk ressurs]</ns0:subfield><ns0:subfield code="c">Camilla Collett og Emilie Diriks ; utgitt ved Mette Refslund Witting</ns0:subfield></ns0:datafield><ns0:datafield ind1=" " ind2=" " tag="260"><ns0:subfield code="a">Oslo</ns0:subfield><ns0:subfield code="b">Nasjonalbiblioteket</ns0:subfield><ns0:subfield code="b">Bokselskap.no</ns0:subfield><ns0:subfield code="c">2015</ns0:subfield></ns0:datafield><ns0:datafield ind1=" " ind2=" " tag="300"><ns0:subfield code="a">1 fil</ns0:subfield><ns0:subfield code="b">EPUB</ns0:subfield></ns0:datafield><ns0:datafield ind1="1" ind2=" " tag="490"><ns0:subfield code="a">NB kilder</ns0:subfield><ns0:subfield code="v">4</ns0:subfield><ns0:subfield code="x">1894-7662</ns0:subfield></ns0:datafield><ns0:datafield ind1=" " ind2=" " tag="588"><ns0:subfield code="a">Tittel fra tittelskjermbildet</ns0:subfield></ns0:datafield><ns0:datafield ind1="0" ind2=" " tag="506"><ns0:subfield code="f">Åpen tilgang</ns0:subfield></ns0:datafield><ns0:datafield ind1="1" ind2=" " tag="700"><ns0:subfield code="a">Diriks, Emilie</ns0:subfield><ns0:subfield code="d">1810-1843</ns0:subfield><ns0:subfield code="4">aut</ns0:subfield><ns0:subfield code="0">(NO-TrBIB)12010064</ns0:subfield></ns0:datafield><ns0:datafield ind1="1" ind2=" " tag="700"><ns0:subfield code="a">Witting, Mette Refslund</ns0:subfield><ns0:subfield code="d">1972-</ns0:subfield><ns0:subfield code="4">edt</ns0:subfield><ns0:subfield code="0">(NO-TrBIB)99002329</ns0:subfield></ns0:datafield><ns0:datafield ind1="2" ind2=" " tag="710"><ns0:subfield code="a">Nasjonalbiblioteket</ns0:subfield><ns0:subfield code="0">(NO-TrBIB)90362181</ns0:subfield><ns0:subfield code="4">pbl</ns0:subfield></ns0:datafield><ns0:datafield ind1=" " ind2=" " tag="830"><ns0:subfield code="a">NB kilder</ns0:subfield><ns0:subfield code="x">1894-7662</ns0:subfield><ns0:subfield code="v">4</ns0:subfield><ns0:subfield code="w">991500937804702201</ns0:subfield></ns0:datafield><ns0:datafield ind1="4" ind2="0" tag="856"><ns0:subfield code="3">Fulltekst</ns0:subfield><ns0:subfield code="u">http://www.bokselskap.no/boker/forlorenskildpadde/tittelside</ns0:subfield><ns0:subfield code="y">www.bokselskap.no</ns0:subfield><ns0:subfield code="z">Gratis</ns0:subfield></ns0:datafield><ns0:datafield ind1=" " ind2=" " tag="901"><ns0:subfield code="a">90</ns0:subfield></ns0:datafield><ns0:datafield ind1=" " ind2=" " tag="913"><ns0:subfield code="a">Norbok</ns0:subfield><ns0:subfield code="b">NB</ns0:subfield></ns0:datafield><ns0:datafield ind1=" " ind2=" " tag="913"><ns0:subfield code="a">Collett</ns0:subfield><ns0:subfield code="b">NB</ns0:subfield></ns0:datafield></ns0:record>