
<ns0:record xsi:schemaLocation="http://www.loc.gov/MARC21/slim http://www.loc.gov/standards/marcxml/schema/MARC21slim.xsd"><ns0:leader>01053cam a2200313 c 4500</ns0:leader><ns0:controlfield tag="005">20190130110658.0</ns0:controlfield><ns0:controlfield tag="007">cr |||||||||||</ns0:controlfield><ns0:controlfield tag="008">141217s2014    no#|||||o|||||000|1|nob| </ns0:controlfield><ns0:controlfield tag="001">991435167284702201</ns0:controlfield><ns0:datafield ind1=" " ind2=" " tag="015"><ns0:subfield code="a">1433355</ns0:subfield><ns0:subfield code="2">nbf</ns0:subfield></ns0:datafield><ns0:datafield ind1=" " ind2=" " tag="020"><ns0:subfield code="a">9788279651680</ns0:subfield><ns0:subfield code="c">Gratis</ns0:subfield></ns0:datafield><ns0:datafield ind1=" " ind2=" " tag="035"><ns0:subfield code="a">143516728-47bibsys_network</ns0:subfield></ns0:datafield><ns0:datafield ind1=" " ind2=" " tag="035"><ns0:subfield code="a">(NO-TrBIB)143516728</ns0:subfield></ns0:datafield><ns0:datafield ind1=" " ind2=" " tag="040"><ns0:subfield code="a">NO-OsNB</ns0:subfield><ns0:subfield code="b">nob</ns0:subfield><ns0:subfield code="e">katreg</ns0:subfield></ns0:datafield><ns0:datafield ind1=" " ind2=" " tag="042"><ns0:subfield code="a">norbibl</ns0:subfield></ns0:datafield><ns0:datafield ind1=" " ind2=" " tag="044"><ns0:subfield code="c">no</ns0:subfield></ns0:datafield><ns0:datafield ind1="7" ind2="4" tag="082"><ns0:subfield code="a">839.826</ns0:subfield><ns0:subfield code="q">NO-OsNB</ns0:subfield><ns0:subfield code="2">5/nor</ns0:subfield></ns0:datafield><ns0:datafield ind1="1" ind2=" " tag="100"><ns0:subfield code="a">Collett, Camilla</ns0:subfield><ns0:subfield code="d">1813-1895</ns0:subfield><ns0:subfield code="4">aut</ns0:subfield><ns0:subfield code="0">(NO-TrBIB)90091665</ns0:subfield></ns0:datafield><ns0:datafield ind1="1" ind2="0" tag="245"><ns0:subfield code="a">Breve fra ungdomsaarene</ns0:subfield><ns0:subfield code="c">Camilla Collett</ns0:subfield><ns0:subfield code="h">[elektronisk ressurs]</ns0:subfield></ns0:datafield><ns0:datafield ind1=" " ind2=" " tag="260"><ns0:subfield code="a">Oslo</ns0:subfield><ns0:subfield code="b">Nasjonalbiblioteket</ns0:subfield><ns0:subfield code="c">2014</ns0:subfield></ns0:datafield><ns0:datafield ind1=" " ind2=" " tag="300"><ns0:subfield code="a">1 fil</ns0:subfield><ns0:subfield code="b">EPUB</ns0:subfield></ns0:datafield><ns0:datafield ind1=" " ind2=" " tag="500"><ns0:subfield code="a">Tittel fra tittelskjermbildet</ns0:subfield></ns0:datafield><ns0:datafield ind1=" " ind2=" " tag="500"><ns0:subfield code="a">Epub fra Nasjonalbiblioteket, basert på utgave fra 1930, Gyldendal Norsk Forlag</ns0:subfield></ns0:datafield><ns0:datafield ind1="1" ind2="7" tag="600"><ns0:subfield code="a">Collett, Camilla</ns0:subfield><ns0:subfield code="d">1813-1895</ns0:subfield><ns0:subfield code="0">(NO-TrBIB)90091665</ns0:subfield><ns0:subfield code="2">bare</ns0:subfield></ns0:datafield><ns0:datafield ind1=" " ind2="7" tag="655"><ns0:subfield code="a">Brev</ns0:subfield><ns0:subfield code="2">collett</ns0:subfield></ns0:datafield><ns0:datafield ind1="0" ind2=" " tag="776"><ns0:subfield code="t">Breve fra Ungdomsaarene / Camilla Collett</ns0:subfield><ns0:subfield code="w">998020071474702201</ns0:subfield></ns0:datafield><ns0:datafield ind1=" " ind2=" " tag="901"><ns0:subfield code="a">90</ns0:subfield></ns0:datafield><ns0:datafield ind1=" " ind2=" " tag="913"><ns0:subfield code="a">Norbok</ns0:subfield><ns0:subfield code="b">NB</ns0:subfield></ns0:datafield><ns0:datafield ind1=" " ind2=" " tag="913"><ns0:subfield code="a">Collett</ns0:subfield><ns0:subfield code="b">NB</ns0:subfield></ns0:datafield></ns0:record>