
<ns0:record xsi:schemaLocation="http://www.loc.gov/MARC21/slim http://www.loc.gov/standards/marcxml/schema/MARC21slim.xsd"><ns0:leader>01116caa a2200313 c 4500</ns0:leader><ns0:controlfield tag="005">20190130110755.0</ns0:controlfield><ns0:controlfield tag="007">ta</ns0:controlfield><ns0:controlfield tag="008">150203s1966    xx#|||||||||||000|u|nob| </ns0:controlfield><ns0:controlfield tag="001">991502858334702201</ns0:controlfield><ns0:datafield ind1=" " ind2=" " tag="035"><ns0:subfield code="a">150285833-47bibsys_network</ns0:subfield></ns0:datafield><ns0:datafield ind1=" " ind2=" " tag="035"><ns0:subfield code="a">(NO-TrBIB)150285833</ns0:subfield></ns0:datafield><ns0:datafield ind1=" " ind2=" " tag="040"><ns0:subfield code="a">NO-OsNB</ns0:subfield><ns0:subfield code="b">nob</ns0:subfield><ns0:subfield code="e">katreg</ns0:subfield></ns0:datafield><ns0:datafield ind1="1" ind2=" " tag="100"><ns0:subfield code="a">Martens, Johannes Skancke</ns0:subfield><ns0:subfield code="d">1900-1968</ns0:subfield><ns0:subfield code="4">aut</ns0:subfield><ns0:subfield code="0">(NO-TrBIB)90403454</ns0:subfield></ns0:datafield><ns0:datafield ind1="1" ind2="0" tag="245"><ns0:subfield code="a">Nordmenn i Paris i gamle dager</ns0:subfield><ns0:subfield code="c">av Johannes Skancke Martens</ns0:subfield></ns0:datafield><ns0:datafield ind1=" " ind2=" " tag="260"><ns0:subfield code="c">1966</ns0:subfield></ns0:datafield><ns0:datafield ind1=" " ind2=" " tag="300"><ns0:subfield code="a">S. 10-11</ns0:subfield><ns0:subfield code="b">ill.</ns0:subfield></ns0:datafield><ns0:datafield ind1="1" ind2="7" tag="600"><ns0:subfield code="a">Bjørnson, Bjørnstjerne</ns0:subfield><ns0:subfield code="d">1832-1910</ns0:subfield><ns0:subfield code="0">(NO-TrBIB)90056157</ns0:subfield><ns0:subfield code="2">bare</ns0:subfield></ns0:datafield><ns0:datafield ind1="1" ind2="7" tag="600"><ns0:subfield code="a">Obstfelder, Sigbjørn</ns0:subfield><ns0:subfield code="d">1866-1900</ns0:subfield><ns0:subfield code="0">(NO-TrBIB)90076535</ns0:subfield><ns0:subfield code="2">bare</ns0:subfield></ns0:datafield><ns0:datafield ind1="1" ind2="7" tag="600"><ns0:subfield code="a">Collett, Camilla</ns0:subfield><ns0:subfield code="d">1813-1895</ns0:subfield><ns0:subfield code="0">(NO-TrBIB)90091665</ns0:subfield><ns0:subfield code="2">bare</ns0:subfield></ns0:datafield><ns0:datafield ind1=" " ind2="7" tag="651"><ns0:subfield code="a">Paris (Frankrike)</ns0:subfield><ns0:subfield code="2">collett</ns0:subfield></ns0:datafield><ns0:datafield ind1=" " ind2="7" tag="651"><ns0:subfield code="a">Paris (Frankrike)</ns0:subfield><ns0:subfield code="2">bjornson</ns0:subfield></ns0:datafield><ns0:datafield ind1=" " ind2="7" tag="655"><ns0:subfield code="a">Avisartikkel</ns0:subfield><ns0:subfield code="2">bjornson</ns0:subfield></ns0:datafield><ns0:datafield ind1=" " ind2="7" tag="655"><ns0:subfield code="a">Avisartikkel</ns0:subfield><ns0:subfield code="2">collett</ns0:subfield></ns0:datafield><ns0:datafield ind1=" " ind2=" " tag="662"><ns0:subfield code="a">Frankrike</ns0:subfield><ns0:subfield code="b">Paris</ns0:subfield><ns0:subfield code="2">collett</ns0:subfield></ns0:datafield><ns0:datafield ind1=" " ind2=" " tag="662"><ns0:subfield code="a">Frankrike</ns0:subfield><ns0:subfield code="b">Paris</ns0:subfield><ns0:subfield code="2">bjornson</ns0:subfield></ns0:datafield><ns0:datafield ind1="0" ind2=" " tag="773"><ns0:subfield code="t">VG (trykt utg.). </ns0:subfield><ns0:subfield code="d">Oslo : Verdens Gang a/s</ns0:subfield><ns0:subfield code="g">1966, 9/5</ns0:subfield><ns0:subfield code="x">0805-5203</ns0:subfield><ns0:subfield code="w">999305275774702201</ns0:subfield></ns0:datafield><ns0:datafield ind1=" " ind2=" " tag="901"><ns0:subfield code="a">80</ns0:subfield></ns0:datafield><ns0:datafield ind1=" " ind2=" " tag="913"><ns0:subfield code="a">Bjørnson</ns0:subfield><ns0:subfield code="b">NB</ns0:subfield></ns0:datafield><ns0:datafield ind1=" " ind2=" " tag="913"><ns0:subfield code="a">Collett</ns0:subfield><ns0:subfield code="b">NB</ns0:subfield></ns0:datafield></ns0:record>