
<ns0:record xsi:schemaLocation="http://www.loc.gov/MARC21/slim http://www.loc.gov/standards/marcxml/schema/MARC21slim.xsd"><ns0:leader>01351cam a2200397 c 4500</ns0:leader><ns0:controlfield tag="005">20211031020410.0</ns0:controlfield><ns0:controlfield tag="007">ta</ns0:controlfield><ns0:controlfield tag="007">cr||||||||||||</ns0:controlfield><ns0:controlfield tag="008">151008s1947    no |||||  ||||000|0bnob| </ns0:controlfield><ns0:controlfield tag="001">999314305004702201</ns0:controlfield><ns0:datafield ind1=" " ind2=" " tag="015"><ns0:subfield code="a">4700545</ns0:subfield><ns0:subfield code="2">nbf</ns0:subfield></ns0:datafield><ns0:datafield ind1=" " ind2=" " tag="020"><ns0:subfield code="q">h.</ns0:subfield><ns0:subfield code="c">Nkr 14.35</ns0:subfield></ns0:datafield><ns0:datafield ind1=" " ind2=" " tag="020"><ns0:subfield code="q">ib.</ns0:subfield><ns0:subfield code="c">Nkr 17.40</ns0:subfield></ns0:datafield><ns0:datafield ind1=" " ind2=" " tag="035"><ns0:subfield code="a">93143050x-47bibsys_network</ns0:subfield></ns0:datafield><ns0:datafield ind1=" " ind2=" " tag="035"><ns0:subfield code="a">(NO-TrBIB)93143050x</ns0:subfield></ns0:datafield><ns0:datafield ind1=" " ind2=" " tag="035"><ns0:subfield code="a">(NO-TrBIB)100377491</ns0:subfield></ns0:datafield><ns0:datafield ind1=" " ind2=" " tag="040"><ns0:subfield code="a">NO-OsNB</ns0:subfield><ns0:subfield code="b">nob</ns0:subfield><ns0:subfield code="e">katreg</ns0:subfield></ns0:datafield><ns0:datafield ind1=" " ind2=" " tag="044"><ns0:subfield code="c">no</ns0:subfield></ns0:datafield><ns0:datafield ind1=" " ind2=" " tag="080"><ns0:subfield code="a">839.6</ns0:subfield></ns0:datafield><ns0:datafield ind1=" " ind2=" " tag="080"><ns0:subfield code="a">839.6.0</ns0:subfield></ns0:datafield><ns0:datafield ind1="0" ind2="4" tag="082"><ns0:subfield code="a">839.828</ns0:subfield><ns0:subfield code="2">23</ns0:subfield></ns0:datafield><ns0:datafield ind1="1" ind2=" " tag="100"><ns0:subfield code="a">Benterud, Aagot</ns0:subfield><ns0:subfield code="d">1901-1975</ns0:subfield><ns0:subfield code="0">(NO-TrBIB)90875961</ns0:subfield></ns0:datafield><ns0:datafield ind1="1" ind2="0" tag="245"><ns0:subfield code="a">Camilla Collett :</ns0:subfield><ns0:subfield code="b">en skjebne og et livsverk</ns0:subfield><ns0:subfield code="c">Aagot Benterud</ns0:subfield></ns0:datafield><ns0:datafield ind1=" " ind2=" " tag="260"><ns0:subfield code="a">Oslo</ns0:subfield><ns0:subfield code="b">Dreyer</ns0:subfield><ns0:subfield code="c">1947</ns0:subfield></ns0:datafield><ns0:datafield ind1=" " ind2=" " tag="300"><ns0:subfield code="a">367 s., pl.</ns0:subfield><ns0:subfield code="b">ill.</ns0:subfield></ns0:datafield><ns0:datafield ind1=" " ind2=" " tag="533"><ns0:subfield code="a">Elektronisk reproduksjon</ns0:subfield><ns0:subfield code="b">[Norge]</ns0:subfield><ns0:subfield code="c">Nasjonalbiblioteket Digital</ns0:subfield><ns0:subfield code="d">2010-02-16</ns0:subfield></ns0:datafield><ns0:datafield ind1="1" ind2="7" tag="600"><ns0:subfield code="a">Collett, Camilla</ns0:subfield><ns0:subfield code="d">1813-1895</ns0:subfield><ns0:subfield code="0">(NO-TrBIB)90091665</ns0:subfield><ns0:subfield code="2">bare</ns0:subfield></ns0:datafield><ns0:datafield ind1=" " ind2="7" tag="648"><ns0:subfield code="a">1800-tallet</ns0:subfield><ns0:subfield code="2">humord</ns0:subfield><ns0:subfield code="0">(NO-TrBIB)HUME10978</ns0:subfield></ns0:datafield><ns0:datafield ind1=" " ind2="7" tag="655"><ns0:subfield code="a">Biografi</ns0:subfield><ns0:subfield code="2">collett</ns0:subfield></ns0:datafield><ns0:datafield ind1=" " ind2="7" tag="650"><ns0:subfield code="a">Forfatterskap</ns0:subfield><ns0:subfield code="2">collett</ns0:subfield></ns0:datafield><ns0:datafield ind1=" " ind2="7" tag="650"><ns0:subfield code="a">Norsk litteratur</ns0:subfield><ns0:subfield code="2">humord</ns0:subfield><ns0:subfield code="0">(NO-TrBIB)HUME06959</ns0:subfield></ns0:datafield><ns0:datafield ind1=" " ind2="7" tag="650"><ns0:subfield code="a">Biografier</ns0:subfield><ns0:subfield code="2">humord</ns0:subfield><ns0:subfield code="0">(NO-TrBIB)HUME06697</ns0:subfield></ns0:datafield><ns0:datafield ind1="4" ind2="1" tag="856"><ns0:subfield code="3">Fulltekst</ns0:subfield><ns0:subfield code="u">https://www.nb.no/search?q=oaiid:"oai:nb.bibsys.no:999314305004702202"&amp;mediatype=bøker</ns0:subfield><ns0:subfield code="y">Nettbiblioteket</ns0:subfield><ns0:subfield code="z">Søke-URL</ns0:subfield></ns0:datafield><ns0:datafield ind1=" " ind2=" " tag="901"><ns0:subfield code="a">80</ns0:subfield></ns0:datafield><ns0:datafield ind1=" " ind2=" " tag="913"><ns0:subfield code="a">Collett</ns0:subfield><ns0:subfield code="b">NB</ns0:subfield></ns0:datafield><ns0:datafield ind1=" " ind2=" " tag="913"><ns0:subfield code="a">Norbok</ns0:subfield><ns0:subfield code="b">NB</ns0:subfield></ns0:datafield></ns0:record>