
<ns0:record xsi:schemaLocation="http://www.loc.gov/MARC21/slim http://www.loc.gov/standards/marcxml/schema/MARC21slim.xsd"><ns0:leader>00915cgm a2200229 c 4500</ns0:leader><ns0:controlfield tag="005">20180504100223.0</ns0:controlfield><ns0:controlfield tag="007">vd#|v||||</ns0:controlfield><ns0:controlfield tag="008">141217s2012    no |||||||||||    v|nob|c</ns0:controlfield><ns0:controlfield tag="001">991307557884702201</ns0:controlfield><ns0:datafield ind1=" " ind2=" " tag="035"><ns0:subfield code="a">130755788-47bibsys_network</ns0:subfield></ns0:datafield><ns0:datafield ind1=" " ind2=" " tag="035"><ns0:subfield code="a">(NO-TrBIB)130755788</ns0:subfield></ns0:datafield><ns0:datafield ind1=" " ind2=" " tag="040"><ns0:subfield code="a">NO-TrBIB</ns0:subfield><ns0:subfield code="b">nob</ns0:subfield><ns0:subfield code="e">katreg</ns0:subfield></ns0:datafield><ns0:datafield ind1="0" ind2="0" tag="245"><ns0:subfield code="a">Fire stemmer :</ns0:subfield><ns0:subfield code="b">fire korte filmer om fire kvinner som gjorde vedtaket om allmenn stemmerett i 1913 mulig</ns0:subfield><ns0:subfield code="h">[videoopptak]</ns0:subfield></ns0:datafield><ns0:datafield ind1=" " ind2=" " tag="260"><ns0:subfield code="a">Oslo</ns0:subfield><ns0:subfield code="b">Barne- likestillings- og inkluderingsdepartementet</ns0:subfield><ns0:subfield code="c">2012</ns0:subfield></ns0:datafield><ns0:datafield ind1="1" ind2="7" tag="600"><ns0:subfield code="a">Collett, Camilla</ns0:subfield><ns0:subfield code="d">1813-1895</ns0:subfield><ns0:subfield code="0">(NO-TrBIB)90091665</ns0:subfield><ns0:subfield code="2">bare</ns0:subfield></ns0:datafield><ns0:datafield ind1="1" ind2="7" tag="600"><ns0:subfield code="a">Qvam, Fredrikke Marie</ns0:subfield><ns0:subfield code="d">1843-1938</ns0:subfield><ns0:subfield code="0">(NO-TrBIB)90223284</ns0:subfield><ns0:subfield code="2">bare</ns0:subfield></ns0:datafield><ns0:datafield ind1="1" ind2="7" tag="600"><ns0:subfield code="a">Krog, Gina</ns0:subfield><ns0:subfield code="d">1847-1916</ns0:subfield><ns0:subfield code="0">(NO-TrBIB)90121236</ns0:subfield><ns0:subfield code="2">bare</ns0:subfield></ns0:datafield><ns0:datafield ind1="1" ind2="7" tag="600"><ns0:subfield code="a">Nissen, Fernanda</ns0:subfield><ns0:subfield code="d">1862-1920</ns0:subfield><ns0:subfield code="0">(NO-TrBIB)90867048</ns0:subfield><ns0:subfield code="2">bare</ns0:subfield></ns0:datafield><ns0:datafield ind1=" " ind2=" " tag="653"><ns0:subfield code="a">allmenn</ns0:subfield><ns0:subfield code="a">stemmerett</ns0:subfield><ns0:subfield code="a">kvinner</ns0:subfield><ns0:subfield code="a">norge</ns0:subfield><ns0:subfield code="a">likestilling</ns0:subfield></ns0:datafield><ns0:datafield ind1=" " ind2="7" tag="655"><ns0:subfield code="a">Film</ns0:subfield><ns0:subfield code="2">collett</ns0:subfield></ns0:datafield><ns0:datafield ind1=" " ind2=" " tag="901"><ns0:subfield code="a">80</ns0:subfield></ns0:datafield><ns0:datafield ind1=" " ind2=" " tag="913"><ns0:subfield code="a">Collett</ns0:subfield><ns0:subfield code="b">NB</ns0:subfield></ns0:datafield></ns0:record>