
<ns0:record xsi:schemaLocation="http://www.loc.gov/MARC21/slim http://www.loc.gov/standards/marcxml/schema/MARC21slim.xsd"><ns0:leader>01995cam a2200457 c 4500</ns0:leader><ns0:controlfield tag="005">20211104035720.0</ns0:controlfield><ns0:controlfield tag="007">ta</ns0:controlfield><ns0:controlfield tag="008">130806s2013    no#|||||||||||000|f|nob| </ns0:controlfield><ns0:controlfield tag="001">991300534304702201</ns0:controlfield><ns0:datafield ind1=" " ind2=" " tag="015"><ns0:subfield code="a">1311842</ns0:subfield><ns0:subfield code="2">nbf</ns0:subfield></ns0:datafield><ns0:datafield ind1=" " ind2=" " tag="020"><ns0:subfield code="a">9788205446700</ns0:subfield><ns0:subfield code="q">h.</ns0:subfield><ns0:subfield code="c">Nkr 169.00</ns0:subfield></ns0:datafield><ns0:datafield ind1=" " ind2=" " tag="035"><ns0:subfield code="a">130053430-47bibsys_network</ns0:subfield></ns0:datafield><ns0:datafield ind1=" " ind2=" " tag="035"><ns0:subfield code="a">(NO-TrBIB)130053430</ns0:subfield></ns0:datafield><ns0:datafield ind1=" " ind2=" " tag="035"><ns0:subfield code="a">(NO-OsBA)0294664</ns0:subfield></ns0:datafield><ns0:datafield ind1=" " ind2=" " tag="040"><ns0:subfield code="a">NO-OsNB</ns0:subfield><ns0:subfield code="b">nob</ns0:subfield><ns0:subfield code="e">katreg</ns0:subfield></ns0:datafield><ns0:datafield ind1=" " ind2=" " tag="042"><ns0:subfield code="a">norbibl</ns0:subfield></ns0:datafield><ns0:datafield ind1=" " ind2=" " tag="044"><ns0:subfield code="c">no</ns0:subfield></ns0:datafield><ns0:datafield ind1="0" ind2="4" tag="082"><ns0:subfield code="a">839.823</ns0:subfield><ns0:subfield code="2">23</ns0:subfield></ns0:datafield><ns0:datafield ind1="0" ind2="4" tag="082"><ns0:subfield code="a">839.82</ns0:subfield><ns0:subfield code="q">NoOU</ns0:subfield><ns0:subfield code="2">22</ns0:subfield></ns0:datafield><ns0:datafield ind1="7" ind2="4" tag="082"><ns0:subfield code="a">839.823</ns0:subfield><ns0:subfield code="q">NO-OsNB</ns0:subfield><ns0:subfield code="2">5/nor</ns0:subfield></ns0:datafield><ns0:datafield ind1=" " ind2=" " tag="084"><ns0:subfield code="a">S 4</ns0:subfield><ns0:subfield code="2">oosk</ns0:subfield></ns0:datafield><ns0:datafield ind1="1" ind2=" " tag="100"><ns0:subfield code="a">Collett, Camilla</ns0:subfield><ns0:subfield code="d">1813-1895</ns0:subfield><ns0:subfield code="0">(NO-TrBIB)90091665</ns0:subfield></ns0:datafield><ns0:datafield ind1="1" ind2="0" tag="245"><ns0:subfield code="a">Amtmannens døtre</ns0:subfield><ns0:subfield code="c">Camilla Collett ; etterord ved Kaja Schjerven Mollerin</ns0:subfield></ns0:datafield><ns0:datafield ind1=" " ind2=" " tag="260"><ns0:subfield code="a">[Oslo]</ns0:subfield><ns0:subfield code="b">Gyldendal</ns0:subfield><ns0:subfield code="c">2013</ns0:subfield></ns0:datafield><ns0:datafield ind1=" " ind2=" " tag="300"><ns0:subfield code="a">327 s.</ns0:subfield></ns0:datafield><ns0:datafield ind1="1" ind2=" " tag="490"><ns0:subfield code="a">Gyldendal pocket</ns0:subfield></ns0:datafield><ns0:datafield ind1=" " ind2=" " tag="500"><ns0:subfield code="a">1. utg. Christiania : Gyldendal, 1854-55</ns0:subfield></ns0:datafield><ns0:datafield ind1=" " ind2=" " tag="533"><ns0:subfield code="a">Elektronisk reproduksjon</ns0:subfield><ns0:subfield code="b">[Norge]</ns0:subfield><ns0:subfield code="c">Nasjonalbiblioteket Digital</ns0:subfield><ns0:subfield code="d">2018-02-07</ns0:subfield></ns0:datafield><ns0:datafield ind1=" " ind2=" " tag="653"><ns0:subfield code="a">norsk</ns0:subfield><ns0:subfield code="a">litteratur</ns0:subfield><ns0:subfield code="a">norske</ns0:subfield><ns0:subfield code="a">romaner</ns0:subfield><ns0:subfield code="a">1800-tallet</ns0:subfield></ns0:datafield><ns0:datafield ind1=" " ind2="0" tag="830"><ns0:subfield code="a">Gyldendal pocket</ns0:subfield></ns0:datafield><ns0:datafield ind1="4" ind2="2" tag="856"><ns0:subfield code="3">Forlagets beskrivelse (lang)</ns0:subfield><ns0:subfield code="u">https://contents.bibs.aws.unit.no/content/?isbn=9788205446700</ns0:subfield></ns0:datafield><ns0:datafield ind1="4" ind2="2" tag="856"><ns0:subfield code="3">Originalt bilde</ns0:subfield><ns0:subfield code="u">https://contents.bibs.aws.unit.no/files/images/original/0/0/9788205446700.jpg</ns0:subfield><ns0:subfield code="q">image/jpeg</ns0:subfield></ns0:datafield><ns0:datafield ind1="4" ind2="2" tag="856"><ns0:subfield code="3">Omslagsbilde</ns0:subfield><ns0:subfield code="u">https://contents.bibs.aws.unit.no/files/images/large/0/0/9788205446700.jpg</ns0:subfield><ns0:subfield code="q">image/jpeg</ns0:subfield></ns0:datafield><ns0:datafield ind1="4" ind2="2" tag="856"><ns0:subfield code="3">Miniatyrbilde</ns0:subfield><ns0:subfield code="u">https://contents.bibs.aws.unit.no/files/images/small/0/0/9788205446700.jpg</ns0:subfield><ns0:subfield code="q">image/jpeg</ns0:subfield></ns0:datafield><ns0:datafield ind1="4" ind2="2" tag="856"><ns0:subfield code="3">Beskrivelse fra Forlagssentralen</ns0:subfield><ns0:subfield code="u">http://content.bibsys.no/content/?type=descr_forlagssentr&amp;isbn=8205446709</ns0:subfield></ns0:datafield><ns0:datafield ind1="4" ind2="2" tag="856"><ns0:subfield code="3">Beskrivelse fra forlaget (kort)</ns0:subfield><ns0:subfield code="u">http://content.bibsys.no/content/?type=descr_publ_brief&amp;isbn=8205446709</ns0:subfield></ns0:datafield><ns0:datafield ind1="4" ind2="1" tag="856"><ns0:subfield code="3">Fulltekst</ns0:subfield><ns0:subfield code="u">https://www.nb.no/search?q=oaiid:"oai:nb.bibsys.no:991300534304702202"&amp;mediatype=bøker</ns0:subfield><ns0:subfield code="y">Nettbiblioteket</ns0:subfield><ns0:subfield code="z">Søke-URL</ns0:subfield></ns0:datafield><ns0:datafield ind1=" " ind2=" " tag="901"><ns0:subfield code="a">90</ns0:subfield></ns0:datafield><ns0:datafield ind1=" " ind2=" " tag="913"><ns0:subfield code="a">Norbok</ns0:subfield><ns0:subfield code="b">NB</ns0:subfield></ns0:datafield><ns0:datafield ind1=" " ind2=" " tag="913"><ns0:subfield code="a">Collett</ns0:subfield><ns0:subfield code="b">NB</ns0:subfield></ns0:datafield><ns0:datafield ind1=" " ind2=" " tag="991"><ns0:subfield code="a">volumes</ns0:subfield></ns0:datafield></ns0:record>