
<ns0:record xsi:schemaLocation="http://www.loc.gov/MARC21/slim http://www.loc.gov/standards/marcxml/schema/MARC21slim.xsd"><ns0:leader>01005caa a2200265 c 4500</ns0:leader><ns0:controlfield tag="005">20190130110107.0</ns0:controlfield><ns0:controlfield tag="007">ta</ns0:controlfield><ns0:controlfield tag="008">130823s2007    sw |||||||||||000|0|swe|c</ns0:controlfield><ns0:controlfield tag="001">991325215984702201</ns0:controlfield><ns0:datafield ind1=" " ind2=" " tag="035"><ns0:subfield code="a">132521598-47bibsys_network</ns0:subfield></ns0:datafield><ns0:datafield ind1=" " ind2=" " tag="035"><ns0:subfield code="a">(NO-TrBIB)132521598</ns0:subfield></ns0:datafield><ns0:datafield ind1=" " ind2=" " tag="040"><ns0:subfield code="a">NO-OsNB</ns0:subfield><ns0:subfield code="b">nob</ns0:subfield><ns0:subfield code="e">katreg</ns0:subfield></ns0:datafield><ns0:datafield ind1="1" ind2=" " tag="100"><ns0:subfield code="a">Holm, Birgitta</ns0:subfield><ns0:subfield code="d">1936-</ns0:subfield><ns0:subfield code="0">(NO-TrBIB)90110998</ns0:subfield><ns0:subfield code="4">aut</ns0:subfield></ns0:datafield><ns0:datafield ind1="1" ind2="0" tag="245"><ns0:subfield code="a">Kvinnorna och romanens framväxt i Norden :</ns0:subfield><ns0:subfield code="b">Fru Catharina Boije och hennes döttrar</ns0:subfield><ns0:subfield code="c">Birgitta Holm</ns0:subfield></ns0:datafield><ns0:datafield ind1=" " ind2=" " tag="260"><ns0:subfield code="c">2007</ns0:subfield></ns0:datafield><ns0:datafield ind1=" " ind2=" " tag="300"><ns0:subfield code="a">S. 50-56</ns0:subfield><ns0:subfield code="b">ill.</ns0:subfield></ns0:datafield><ns0:datafield ind1=" " ind2="7" tag="650"><ns0:subfield code="a">Kvinner</ns0:subfield><ns0:subfield code="2">collett</ns0:subfield></ns0:datafield><ns0:datafield ind1=" " ind2="7" tag="650"><ns0:subfield code="a">Skandinavisk litteratur</ns0:subfield><ns0:subfield code="2">collett</ns0:subfield></ns0:datafield><ns0:datafield ind1="1" ind2="7" tag="600"><ns0:subfield code="a">Collett, Camilla</ns0:subfield><ns0:subfield code="d">1813-1895</ns0:subfield><ns0:subfield code="t">Amtmandens Døttre</ns0:subfield><ns0:subfield code="0">(NO-TrBIB)90091665</ns0:subfield><ns0:subfield code="2">bare</ns0:subfield></ns0:datafield><ns0:datafield ind1="1" ind2="7" tag="600"><ns0:subfield code="a">Bremer, Fredrika</ns0:subfield><ns0:subfield code="d">1801-1865</ns0:subfield><ns0:subfield code="t">Familjen H***</ns0:subfield><ns0:subfield code="0">(NO-TrBIB)90063849</ns0:subfield><ns0:subfield code="2">bare</ns0:subfield></ns0:datafield><ns0:datafield ind1="1" ind2="7" tag="600"><ns0:subfield code="a">Gyllembourg, Thomasine</ns0:subfield><ns0:subfield code="t">En hverdagshistorie</ns0:subfield><ns0:subfield code="0">(NO-TrBIB)90113369</ns0:subfield><ns0:subfield code="2">bare</ns0:subfield></ns0:datafield><ns0:datafield ind1="1" ind2="7" tag="600"><ns0:subfield code="a">Runeberg, Fredrika</ns0:subfield><ns0:subfield code="t">Fru Catharina Boije och hennes döttrar</ns0:subfield><ns0:subfield code="0">(NO-TrBIB)90242801</ns0:subfield><ns0:subfield code="2">bare</ns0:subfield></ns0:datafield><ns0:datafield ind1="0" ind2=" " tag="773"><ns0:subfield code="t">Fredrika Runeberg 200 år</ns0:subfield><ns0:subfield code="d">Helsingfors : Svenska litteratursällskapet i Finland, 2007</ns0:subfield><ns0:subfield code="w">990714047754702201</ns0:subfield></ns0:datafield><ns0:datafield ind1=" " ind2=" " tag="901"><ns0:subfield code="a">80</ns0:subfield></ns0:datafield><ns0:datafield ind1=" " ind2=" " tag="913"><ns0:subfield code="a">Collett</ns0:subfield><ns0:subfield code="b">NB</ns0:subfield></ns0:datafield></ns0:record>