
<ns0:record xsi:schemaLocation="http://www.loc.gov/MARC21/slim http://www.loc.gov/standards/marcxml/schema/MARC21slim.xsd"><ns0:leader>00886caa a2200253 c 4500</ns0:leader><ns0:controlfield tag="005">20190130110119.0</ns0:controlfield><ns0:controlfield tag="007">ta</ns0:controlfield><ns0:controlfield tag="008">150107s2011    xx#|||||||||||000|u|fin| </ns0:controlfield><ns0:controlfield tag="001">991326331164702201</ns0:controlfield><ns0:datafield ind1=" " ind2=" " tag="035"><ns0:subfield code="a">132633116-47bibsys_network</ns0:subfield></ns0:datafield><ns0:datafield ind1=" " ind2=" " tag="035"><ns0:subfield code="a">(NO-TrBIB)132633116</ns0:subfield></ns0:datafield><ns0:datafield ind1=" " ind2=" " tag="040"><ns0:subfield code="a">NO-OsNB</ns0:subfield><ns0:subfield code="b">nob</ns0:subfield><ns0:subfield code="e">katreg</ns0:subfield></ns0:datafield><ns0:datafield ind1="1" ind2=" " tag="100"><ns0:subfield code="a">Isomaa, Saija</ns0:subfield><ns0:subfield code="0">(NO-TrBIB)9070725</ns0:subfield></ns0:datafield><ns0:datafield ind1="1" ind2="0" tag="245"><ns0:subfield code="a">Papin tytär pohjoismaisena tytärromaanina</ns0:subfield><ns0:subfield code="c">Saija Isomaa</ns0:subfield></ns0:datafield><ns0:datafield ind1=" " ind2=" " tag="260"><ns0:subfield code="c">2011</ns0:subfield></ns0:datafield><ns0:datafield ind1=" " ind2=" " tag="300"><ns0:subfield code="a">S. 23-60</ns0:subfield></ns0:datafield><ns0:datafield ind1="1" ind2="7" tag="600"><ns0:subfield code="a">Lie, Jonas</ns0:subfield><ns0:subfield code="d">1833-1908</ns0:subfield><ns0:subfield code="t">Kommandørens døttre</ns0:subfield><ns0:subfield code="0">(NO-TrBIB)90535262</ns0:subfield><ns0:subfield code="2">bare</ns0:subfield></ns0:datafield><ns0:datafield ind1="1" ind2="7" tag="600"><ns0:subfield code="a">Bremer, Fredrika</ns0:subfield><ns0:subfield code="d">1801-1865</ns0:subfield><ns0:subfield code="t">Presidentens döttrar</ns0:subfield><ns0:subfield code="0">(NO-TrBIB)90063849</ns0:subfield><ns0:subfield code="2">bare</ns0:subfield></ns0:datafield><ns0:datafield ind1="1" ind2="7" tag="600"><ns0:subfield code="a">Collett, Camilla</ns0:subfield><ns0:subfield code="d">1813-1895</ns0:subfield><ns0:subfield code="t">Amtmandens Døttre</ns0:subfield><ns0:subfield code="0">(NO-TrBIB)90091665</ns0:subfield><ns0:subfield code="2">bare</ns0:subfield></ns0:datafield><ns0:datafield ind1="1" ind2="7" tag="600"><ns0:subfield code="a">Aho, Juhani</ns0:subfield><ns0:subfield code="t">Papin tytär</ns0:subfield><ns0:subfield code="0">(NO-TrBIB)90164096</ns0:subfield><ns0:subfield code="2">bare</ns0:subfield></ns0:datafield><ns0:datafield ind1="0" ind2=" " tag="773"><ns0:subfield code="t">Pariisista Iisalmeen</ns0:subfield><ns0:subfield code="d">Helsinki : Suomalaisen kirjallisuuden seura, 2011</ns0:subfield><ns0:subfield code="z">9789522223302</ns0:subfield><ns0:subfield code="w">991200352864702201</ns0:subfield></ns0:datafield><ns0:datafield ind1=" " ind2=" " tag="901"><ns0:subfield code="a">80</ns0:subfield></ns0:datafield><ns0:datafield ind1=" " ind2=" " tag="913"><ns0:subfield code="a">Collett</ns0:subfield><ns0:subfield code="b">NB</ns0:subfield></ns0:datafield><ns0:datafield ind1=" " ind2=" " tag="913"><ns0:subfield code="a">Littforsk</ns0:subfield><ns0:subfield code="b">NB</ns0:subfield></ns0:datafield></ns0:record>