
<ns0:record xsi:schemaLocation="http://www.loc.gov/MARC21/slim http://www.loc.gov/standards/marcxml/schema/MARC21slim.xsd"><ns0:leader>01890cam a2200457 c 4500</ns0:leader><ns0:controlfield tag="005">20211207183008.0</ns0:controlfield><ns0:controlfield tag="007">ta</ns0:controlfield><ns0:controlfield tag="008">150303s2013    no |||||||||||000|0|nob| </ns0:controlfield><ns0:controlfield tag="001">991400307274702201</ns0:controlfield><ns0:datafield ind1=" " ind2=" " tag="015"><ns0:subfield code="a">1407647</ns0:subfield><ns0:subfield code="2">nbf</ns0:subfield></ns0:datafield><ns0:datafield ind1=" " ind2=" " tag="020"><ns0:subfield code="a">9788293247050</ns0:subfield><ns0:subfield code="q">ib.</ns0:subfield></ns0:datafield><ns0:datafield ind1=" " ind2=" " tag="035"><ns0:subfield code="a">140030727-47bibsys_network</ns0:subfield></ns0:datafield><ns0:datafield ind1=" " ind2=" " tag="035"><ns0:subfield code="a">(NO-TrBIB)140030727</ns0:subfield></ns0:datafield><ns0:datafield ind1=" " ind2=" " tag="040"><ns0:subfield code="a">NO-OsNB</ns0:subfield><ns0:subfield code="b">nob</ns0:subfield><ns0:subfield code="e">katreg</ns0:subfield></ns0:datafield><ns0:datafield ind1=" " ind2=" " tag="042"><ns0:subfield code="a">norbibl</ns0:subfield></ns0:datafield><ns0:datafield ind1=" " ind2=" " tag="044"><ns0:subfield code="c">no</ns0:subfield></ns0:datafield><ns0:datafield ind1="0" ind2="4" tag="082"><ns0:subfield code="a">948.2231</ns0:subfield><ns0:subfield code="q">NoBeU</ns0:subfield><ns0:subfield code="2">23</ns0:subfield></ns0:datafield><ns0:datafield ind1="7" ind2="4" tag="082"><ns0:subfield code="a">948.2231</ns0:subfield><ns0:subfield code="q">NO-OsNB</ns0:subfield><ns0:subfield code="2">5/nor</ns0:subfield></ns0:datafield><ns0:datafield ind1="1" ind2=" " tag="100"><ns0:subfield code="a">Ljødal, Gunner</ns0:subfield><ns0:subfield code="d">1936-</ns0:subfield><ns0:subfield code="0">(NO-TrBIB)5034357</ns0:subfield></ns0:datafield><ns0:datafield ind1="1" ind2="0" tag="245"><ns0:subfield code="a">Visavis Camilla :</ns0:subfield><ns0:subfield code="b">Eidsvoll i gamle dager 4 : før og nå : Eidvolls kvinner og menn</ns0:subfield><ns0:subfield code="c">Gunner Ljødal</ns0:subfield></ns0:datafield><ns0:datafield ind1="1" ind2="8" tag="246"><ns0:subfield code="a">Visavis Camilla 16</ns0:subfield></ns0:datafield><ns0:datafield ind1="3" ind2="0" tag="246"><ns0:subfield code="a">Eidsvoll i gamle dager 4</ns0:subfield></ns0:datafield><ns0:datafield ind1="3" ind2="0" tag="246"><ns0:subfield code="a">Eidsvolls kvinner og menn</ns0:subfield></ns0:datafield><ns0:datafield ind1=" " ind2=" " tag="260"><ns0:subfield code="a">Eidvoll</ns0:subfield><ns0:subfield code="b">Balder forl.</ns0:subfield><ns0:subfield code="c">2013</ns0:subfield></ns0:datafield><ns0:datafield ind1=" " ind2=" " tag="300"><ns0:subfield code="a">312 s.</ns0:subfield><ns0:subfield code="b">ill.</ns0:subfield></ns0:datafield><ns0:datafield ind1="1" ind2=" " tag="490"><ns0:subfield code="a">Livets nøkkel</ns0:subfield><ns0:subfield code="v">bok nr. 16</ns0:subfield></ns0:datafield><ns0:datafield ind1=" " ind2=" " tag="500"><ns0:subfield code="a">Bok nr. 16 i Alter Ego-serien Livets nøkkel med stoff fra Eidsvoll og omegn. I historisk, ideologisk, eksistensiell og aktuell sammenheng" - Tittelsiden</ns0:subfield></ns0:datafield><ns0:datafield ind1=" " ind2=" " tag="500"><ns0:subfield code="a">Om: Camilla Collett samt Asbjørnsen og Moe</ns0:subfield></ns0:datafield><ns0:datafield ind1=" " ind2=" " tag="533"><ns0:subfield code="a">Elektronisk reproduksjon</ns0:subfield><ns0:subfield code="b">[Norge]</ns0:subfield><ns0:subfield code="c">Nasjonalbiblioteket Digital</ns0:subfield><ns0:subfield code="d">2019-08-12</ns0:subfield></ns0:datafield><ns0:datafield ind1="1" ind2="7" tag="600"><ns0:subfield code="a">Collett, Camilla</ns0:subfield><ns0:subfield code="d">1813-1895</ns0:subfield><ns0:subfield code="0">(NO-TrBIB)90091665</ns0:subfield><ns0:subfield code="2">bare</ns0:subfield></ns0:datafield><ns0:datafield ind1="1" ind2="7" tag="600"><ns0:subfield code="a">Asbjørnsen, P. Chr.</ns0:subfield><ns0:subfield code="d">1812-1885</ns0:subfield><ns0:subfield code="q">(Peter Christen)</ns0:subfield><ns0:subfield code="0">(NO-TrBIB)90060686</ns0:subfield><ns0:subfield code="2">bare</ns0:subfield></ns0:datafield><ns0:datafield ind1="1" ind2="7" tag="600"><ns0:subfield code="a">Moe, Jørgen</ns0:subfield><ns0:subfield code="d">1813-1882</ns0:subfield><ns0:subfield code="0">(NO-TrBIB)90053857</ns0:subfield><ns0:subfield code="2">bare</ns0:subfield></ns0:datafield><ns0:datafield ind1=" " ind2=" " tag="653"><ns0:subfield code="a">eidsvold</ns0:subfield><ns0:subfield code="a">lokalhistorie</ns0:subfield><ns0:subfield code="a">camilla</ns0:subfield><ns0:subfield code="a">collett</ns0:subfield></ns0:datafield><ns0:datafield ind1=" " ind2="7" tag="651"><ns0:subfield code="a">Eidsvoll</ns0:subfield><ns0:subfield code="2">humord</ns0:subfield><ns0:subfield code="0">(NO-TrBIB)HUME13802</ns0:subfield></ns0:datafield><ns0:datafield ind1=" " ind2="7" tag="651"><ns0:subfield code="a">Eidsvoll</ns0:subfield><ns0:subfield code="2">norbok</ns0:subfield></ns0:datafield><ns0:datafield ind1="1" ind2=" " tag="800"><ns0:subfield code="a">Ljødal, Gunner</ns0:subfield><ns0:subfield code="d">1936-</ns0:subfield><ns0:subfield code="t">Livets nøkkel</ns0:subfield><ns0:subfield code="v">bok nr. 16</ns0:subfield><ns0:subfield code="0">(NO-TrBIB)5034357</ns0:subfield></ns0:datafield><ns0:datafield ind1="4" ind2="1" tag="856"><ns0:subfield code="3">Fulltekst</ns0:subfield><ns0:subfield code="u">https://www.nb.no/search?q=oaiid:"oai:nb.bibsys.no:991400307274702202"&amp;mediatype=bøker</ns0:subfield><ns0:subfield code="y">Nettbiblioteket</ns0:subfield><ns0:subfield code="z">Søke-URL</ns0:subfield></ns0:datafield><ns0:datafield ind1=" " ind2=" " tag="901"><ns0:subfield code="a">90</ns0:subfield></ns0:datafield><ns0:datafield ind1=" " ind2=" " tag="913"><ns0:subfield code="a">Norbok</ns0:subfield><ns0:subfield code="b">NB</ns0:subfield></ns0:datafield><ns0:datafield ind1=" " ind2=" " tag="913"><ns0:subfield code="a">Collett</ns0:subfield><ns0:subfield code="b">NB</ns0:subfield></ns0:datafield><ns0:datafield ind1=" " ind2=" " tag="913"><ns0:subfield code="a">Littforsk</ns0:subfield><ns0:subfield code="b">NB</ns0:subfield></ns0:datafield></ns0:record>