
<ns0:record xsi:schemaLocation="http://www.loc.gov/MARC21/slim http://www.loc.gov/standards/marcxml/schema/MARC21slim.xsd"><ns0:leader>01065caa a2200277 c 4500</ns0:leader><ns0:controlfield tag="005">20210317235804.0</ns0:controlfield><ns0:controlfield tag="007">ta</ns0:controlfield><ns0:controlfield tag="008">130806s1949    xx ||||||o   |000|0|nob| </ns0:controlfield><ns0:controlfield tag="001">991239422414702201</ns0:controlfield><ns0:datafield ind1=" " ind2=" " tag="035"><ns0:subfield code="a">123942241-47bibsys_network</ns0:subfield></ns0:datafield><ns0:datafield ind1=" " ind2=" " tag="035"><ns0:subfield code="a">(NO-TrBIB)123942241</ns0:subfield></ns0:datafield><ns0:datafield ind1=" " ind2=" " tag="040"><ns0:subfield code="a">NO-OsNB</ns0:subfield><ns0:subfield code="b">nob</ns0:subfield><ns0:subfield code="e">katreg</ns0:subfield></ns0:datafield><ns0:datafield ind1="1" ind2=" " tag="100"><ns0:subfield code="a">Tunold, Solveig</ns0:subfield><ns0:subfield code="d">1900-1994</ns0:subfield><ns0:subfield code="0">(NO-TrBIB)90262995</ns0:subfield></ns0:datafield><ns0:datafield ind1="1" ind2="0" tag="245"><ns0:subfield code="a">To böker om Camilla Collett</ns0:subfield><ns0:subfield code="c">Solveig Tunold</ns0:subfield></ns0:datafield><ns0:datafield ind1="3" ind2=" " tag="246"><ns0:subfield code="a">2 böker om Camilla Collett</ns0:subfield></ns0:datafield><ns0:datafield ind1=" " ind2=" " tag="260"><ns0:subfield code="c">1949</ns0:subfield></ns0:datafield><ns0:datafield ind1=" " ind2=" " tag="300"><ns0:subfield code="a">S. [104]-106</ns0:subfield></ns0:datafield><ns0:datafield ind1=" " ind2=" " tag="500"><ns0:subfield code="a">I spalten Kring böcker och människor</ns0:subfield></ns0:datafield><ns0:datafield ind1=" " ind2="7" tag="655"><ns0:subfield code="a">Bokanmeldelse</ns0:subfield><ns0:subfield code="2">collett</ns0:subfield></ns0:datafield><ns0:datafield ind1=" " ind2="7" tag="655"><ns0:subfield code="a">Tidsskriftartikkel</ns0:subfield><ns0:subfield code="2">norvok</ns0:subfield></ns0:datafield><ns0:datafield ind1="1" ind2="7" tag="600"><ns0:subfield code="a">Benterud, Aagot</ns0:subfield><ns0:subfield code="d">1901-1975</ns0:subfield><ns0:subfield code="t">Camilla Collett</ns0:subfield><ns0:subfield code="0">(NO-TrBIB)90875961</ns0:subfield><ns0:subfield code="2">bare</ns0:subfield></ns0:datafield><ns0:datafield ind1="1" ind2="7" tag="600"><ns0:subfield code="a">Steen, Ellisiv</ns0:subfield><ns0:subfield code="d">1908-2001</ns0:subfield><ns0:subfield code="t">Diktning og virkelighet</ns0:subfield><ns0:subfield code="0">(NO-TrBIB)90063050</ns0:subfield><ns0:subfield code="2">bare</ns0:subfield></ns0:datafield><ns0:datafield ind1="1" ind2="7" tag="600"><ns0:subfield code="a">Collett, Camilla</ns0:subfield><ns0:subfield code="d">1813-1895</ns0:subfield><ns0:subfield code="0">(NO-TrBIB)90091665</ns0:subfield><ns0:subfield code="2">bare</ns0:subfield></ns0:datafield><ns0:datafield ind1="0" ind2=" " tag="773"><ns0:subfield code="t">Nordisk tidskrift för vetenskap, konst och industri (trykt utg.). Ny serie, . Ny serie</ns0:subfield><ns0:subfield code="d">Stockholm : Wahlström &amp; Widstrand i distribution</ns0:subfield><ns0:subfield code="g">25(1949)</ns0:subfield><ns0:subfield code="x">0029-1501</ns0:subfield><ns0:subfield code="w">998640884184702201</ns0:subfield></ns0:datafield><ns0:datafield ind1=" " ind2=" " tag="901"><ns0:subfield code="a">80</ns0:subfield></ns0:datafield><ns0:datafield ind1=" " ind2=" " tag="913"><ns0:subfield code="a">Collett</ns0:subfield><ns0:subfield code="b">NB</ns0:subfield></ns0:datafield></ns0:record>