
<ns0:record xsi:schemaLocation="http://www.loc.gov/MARC21/slim http://www.loc.gov/standards/marcxml/schema/MARC21slim.xsd"><ns0:leader>01506cam a2200313 c 4500</ns0:leader><ns0:controlfield tag="005">20191106122047.0</ns0:controlfield><ns0:controlfield tag="007">cr#|||||||||||</ns0:controlfield><ns0:controlfield tag="008">140508s2012    xx |||||o|||||000|0|nob| </ns0:controlfield><ns0:controlfield tag="001">991239490504702201</ns0:controlfield><ns0:datafield ind1=" " ind2=" " tag="015"><ns0:subfield code="a">1420101</ns0:subfield><ns0:subfield code="2">nbf</ns0:subfield></ns0:datafield><ns0:datafield ind1=" " ind2=" " tag="020"><ns0:subfield code="c">Gratis</ns0:subfield></ns0:datafield><ns0:datafield ind1=" " ind2=" " tag="035"><ns0:subfield code="a">12394905x-47bibsys_network</ns0:subfield></ns0:datafield><ns0:datafield ind1=" " ind2=" " tag="035"><ns0:subfield code="a">(NO-TrBIB)12394905x</ns0:subfield></ns0:datafield><ns0:datafield ind1=" " ind2=" " tag="040"><ns0:subfield code="a">NO-OsNB</ns0:subfield><ns0:subfield code="b">nob</ns0:subfield><ns0:subfield code="e">katreg</ns0:subfield></ns0:datafield><ns0:datafield ind1=" " ind2=" " tag="042"><ns0:subfield code="a">norbibl</ns0:subfield></ns0:datafield><ns0:datafield ind1="7" ind2="4" tag="082"><ns0:subfield code="a">016.839823</ns0:subfield><ns0:subfield code="q">NO-OsNB</ns0:subfield><ns0:subfield code="2">5/nor</ns0:subfield></ns0:datafield><ns0:datafield ind1="0" ind2="0" tag="245"><ns0:subfield code="a">Collett-bibliografi :</ns0:subfield><ns0:subfield code="b">litteratur av og om Camilla Collett</ns0:subfield><ns0:subfield code="h">[elektronisk ressurs]</ns0:subfield></ns0:datafield><ns0:datafield ind1=" " ind2=" " tag="260"><ns0:subfield code="a">Oslo</ns0:subfield><ns0:subfield code="b">Nasjonalbiblioteket</ns0:subfield><ns0:subfield code="c">2012</ns0:subfield></ns0:datafield><ns0:datafield ind1=" " ind2=" " tag="520"><ns0:subfield code="a">Referanser til norske og utenlandske bøker, artikler i bøker, tidsskrifter og aviser - av og om Camilla Collett, samt anmeldelser av Colletts bøker i norske og noen utenlandske aviser.</ns0:subfield></ns0:datafield><ns0:datafield ind1=" " ind2=" " tag="500"><ns0:subfield code="a">Referanser til norske og utenlandske bøker, artikler i bøker, tidsskrifter og aviser - av og om Camilla Collett, samt anmeldelser av Colletts bøker i norske og noen utenlandske aviser. Prosjektleder: Hege Stensrud Høsøien. Ferdigstilt som prosjekt høsten 2012. Oppdateres deretter løpende ved Nasjonalbiblioteket</ns0:subfield></ns0:datafield><ns0:datafield ind1="0" ind2=" " tag="506"><ns0:subfield code="f">Åpen tilgang</ns0:subfield></ns0:datafield><ns0:datafield ind1="1" ind2="7" tag="600"><ns0:subfield code="a">Collett, Camilla</ns0:subfield><ns0:subfield code="d">1813-1895</ns0:subfield><ns0:subfield code="0">(NO-TrBIB)90091665</ns0:subfield><ns0:subfield code="2">bare</ns0:subfield></ns0:datafield><ns0:datafield ind1=" " ind2="7" tag="655"><ns0:subfield code="a">Bibliografi</ns0:subfield><ns0:subfield code="2">collett</ns0:subfield></ns0:datafield><ns0:datafield ind1="1" ind2=" " tag="700"><ns0:subfield code="a">Høsøien, Hege Stensrud,</ns0:subfield><ns0:subfield code="d">1969-</ns0:subfield><ns0:subfield code="0">(NO-TrBIB)9028997</ns0:subfield></ns0:datafield><ns0:datafield ind1="2" ind2=" " tag="710"><ns0:subfield code="a">Nasjonalbiblioteket</ns0:subfield><ns0:subfield code="0">(NO-TrBIB)90362181</ns0:subfield></ns0:datafield><ns0:datafield ind1="4" ind2="0" tag="856"><ns0:subfield code="3">Fulltekst</ns0:subfield><ns0:subfield code="u">http://www.nb.no/bibliografi/collett/</ns0:subfield><ns0:subfield code="y">www.nb.no</ns0:subfield><ns0:subfield code="z">Gratis</ns0:subfield></ns0:datafield><ns0:datafield ind1=" " ind2=" " tag="901"><ns0:subfield code="a">90</ns0:subfield></ns0:datafield><ns0:datafield ind1=" " ind2=" " tag="913"><ns0:subfield code="a">Collett</ns0:subfield><ns0:subfield code="b">NB</ns0:subfield></ns0:datafield><ns0:datafield ind1=" " ind2=" " tag="913"><ns0:subfield code="a">Norbok</ns0:subfield><ns0:subfield code="b">NB</ns0:subfield></ns0:datafield></ns0:record>