
<ns0:record xsi:schemaLocation="http://www.loc.gov/MARC21/slim http://www.loc.gov/standards/marcxml/schema/MARC21slim.xsd"><ns0:leader>01316ccm a2200373 c 4500</ns0:leader><ns0:controlfield tag="005">20211031010707.0</ns0:controlfield><ns0:controlfield tag="007">qu</ns0:controlfield><ns0:controlfield tag="007">cr||||||||||||</ns0:controlfield><ns0:controlfield tag="008">141019s1994    no#||a|| |||||||||||nob| </ns0:controlfield><ns0:controlfield tag="001">999524405204702201</ns0:controlfield><ns0:datafield ind1=" " ind2=" " tag="015"><ns0:subfield code="a">9610808</ns0:subfield><ns0:subfield code="2">nbf</ns0:subfield></ns0:datafield><ns0:datafield ind1=" " ind2=" " tag="035"><ns0:subfield code="a">952440520-47bibsys_network</ns0:subfield></ns0:datafield><ns0:datafield ind1=" " ind2=" " tag="035"><ns0:subfield code="a">(NO-TrBIB)952440520</ns0:subfield></ns0:datafield><ns0:datafield ind1=" " ind2=" " tag="035"><ns0:subfield code="a">(NO-TrBIB)143755811</ns0:subfield></ns0:datafield><ns0:datafield ind1=" " ind2=" " tag="040"><ns0:subfield code="a">NO-OsNB</ns0:subfield><ns0:subfield code="b">nob</ns0:subfield><ns0:subfield code="e">katreg</ns0:subfield></ns0:datafield><ns0:datafield ind1=" " ind2=" " tag="042"><ns0:subfield code="a">norbibl</ns0:subfield></ns0:datafield><ns0:datafield ind1=" " ind2=" " tag="044"><ns0:subfield code="c">no</ns0:subfield></ns0:datafield><ns0:datafield ind1="7" ind2="4" tag="082"><ns0:subfield code="a">782.642</ns0:subfield><ns0:subfield code="q">NO-OsNB</ns0:subfield><ns0:subfield code="2">4/nor</ns0:subfield></ns0:datafield><ns0:datafield ind1="1" ind2=" " tag="100"><ns0:subfield code="a">Killengreen, Christian</ns0:subfield><ns0:subfield code="d">1954-</ns0:subfield><ns0:subfield code="0">(NO-TrBIB)90128224</ns0:subfield></ns0:datafield><ns0:datafield ind1="1" ind2="4" tag="245"><ns0:subfield code="a">Den hjem-vendte</ns0:subfield><ns0:subfield code="c">[tekst:] Camilla Collett ; [musikk:] Christian Killengreen</ns0:subfield><ns0:subfield code="h">[musikktrykk]</ns0:subfield></ns0:datafield><ns0:datafield ind1=" " ind2=" " tag="260"><ns0:subfield code="a">Oslo</ns0:subfield><ns0:subfield code="b">Musikk-husets forl.</ns0:subfield><ns0:subfield code="c">c1994</ns0:subfield></ns0:datafield><ns0:datafield ind1=" " ind2=" " tag="300"><ns0:subfield code="a">1 partitur (5 s.)</ns0:subfield><ns0:subfield code="c">24 cm</ns0:subfield></ns0:datafield><ns0:datafield ind1="1" ind2=" " tag="490"><ns0:subfield code="a">Musikk-husets damekorbibliotek</ns0:subfield><ns0:subfield code="v">nr 79</ns0:subfield></ns0:datafield><ns0:datafield ind1=" " ind2=" " tag="500"><ns0:subfield code="a">Platenr: M-H 2662</ns0:subfield></ns0:datafield><ns0:datafield ind1=" " ind2=" " tag="500"><ns0:subfield code="a">Datert: 1992</ns0:subfield></ns0:datafield><ns0:datafield ind1=" " ind2=" " tag="533"><ns0:subfield code="a">Elektronisk reproduksjon</ns0:subfield><ns0:subfield code="b">[Norge]</ns0:subfield><ns0:subfield code="c">Nasjonalbiblioteket Digital</ns0:subfield><ns0:subfield code="d">2014-10-16</ns0:subfield></ns0:datafield><ns0:datafield ind1="1" ind2=" " tag="700"><ns0:subfield code="a">Collett, Camilla</ns0:subfield><ns0:subfield code="d">1813-1895</ns0:subfield><ns0:subfield code="4">aut</ns0:subfield><ns0:subfield code="0">(NO-TrBIB)90091665</ns0:subfield></ns0:datafield><ns0:datafield ind1="4" ind2=" " tag="740"><ns0:subfield code="a">Den hjemvendte</ns0:subfield></ns0:datafield><ns0:datafield ind1=" " ind2="0" tag="830"><ns0:subfield code="a">Musikk-husets damekorbibliotek</ns0:subfield><ns0:subfield code="v">nr 79</ns0:subfield></ns0:datafield><ns0:datafield ind1="4" ind2="1" tag="856"><ns0:subfield code="3">Fulltekst</ns0:subfield><ns0:subfield code="u">https://www.nb.no/search?q=oaiid:"oai:nb.bibsys.no:999524405204702202"&amp;mediatype=bøker</ns0:subfield><ns0:subfield code="y">Nettbiblioteket</ns0:subfield><ns0:subfield code="z">Søke-URL</ns0:subfield></ns0:datafield><ns0:datafield ind1=" " ind2=" " tag="901"><ns0:subfield code="a">90</ns0:subfield></ns0:datafield><ns0:datafield ind1=" " ind2=" " tag="913"><ns0:subfield code="a">Collett</ns0:subfield><ns0:subfield code="b">NB</ns0:subfield></ns0:datafield><ns0:datafield ind1=" " ind2=" " tag="913"><ns0:subfield code="a">Musikk</ns0:subfield><ns0:subfield code="b">NB</ns0:subfield></ns0:datafield><ns0:datafield ind1=" " ind2=" " tag="913"><ns0:subfield code="a">Nornoter</ns0:subfield><ns0:subfield code="b">NB</ns0:subfield></ns0:datafield></ns0:record>