
<ns0:record xsi:schemaLocation="http://www.loc.gov/MARC21/slim http://www.loc.gov/standards/marcxml/schema/MARC21slim.xsd"><ns0:leader>01580cam a2200433 c 4500</ns0:leader><ns0:controlfield tag="005">20170126174152.0</ns0:controlfield><ns0:controlfield tag="007">ta</ns0:controlfield><ns0:controlfield tag="008">141201s1997    xx#|||||||||||000|0|dan| </ns0:controlfield><ns0:controlfield tag="001">999726835344702201</ns0:controlfield><ns0:datafield ind1=" " ind2=" " tag="015"><ns0:subfield code="a">1333560</ns0:subfield><ns0:subfield code="2">nbf</ns0:subfield></ns0:datafield><ns0:datafield ind1=" " ind2=" " tag="020"><ns0:subfield code="a">8716146611</ns0:subfield><ns0:subfield code="q">ib.</ns0:subfield></ns0:datafield><ns0:datafield ind1=" " ind2=" " tag="020"><ns0:subfield code="a">8716146654</ns0:subfield><ns0:subfield code="q">ib.</ns0:subfield></ns0:datafield><ns0:datafield ind1=" " ind2=" " tag="035"><ns0:subfield code="a">972683534-47bibsys_network</ns0:subfield></ns0:datafield><ns0:datafield ind1=" " ind2=" " tag="035"><ns0:subfield code="a">(NO-TrBIB)972683534</ns0:subfield></ns0:datafield><ns0:datafield ind1=" " ind2=" " tag="040"><ns0:subfield code="a">NO-OsNB</ns0:subfield><ns0:subfield code="b">nob</ns0:subfield><ns0:subfield code="e">katreg</ns0:subfield></ns0:datafield><ns0:datafield ind1=" " ind2=" " tag="042"><ns0:subfield code="a">norbibl</ns0:subfield></ns0:datafield><ns0:datafield ind1=" " ind2=" " tag="044"><ns0:subfield code="c">dk</ns0:subfield></ns0:datafield><ns0:datafield ind1=" " ind2=" " tag="080"><ns0:subfield code="a">839.5(09)</ns0:subfield></ns0:datafield><ns0:datafield ind1=" " ind2=" " tag="080"><ns0:subfield code="a">839.6/.9(09)</ns0:subfield></ns0:datafield><ns0:datafield ind1=" " ind2=" " tag="080"><ns0:subfield code="a">82-9:304-055.2</ns0:subfield></ns0:datafield><ns0:datafield ind1=" " ind2=" " tag="080"><ns0:subfield code="a">839.5(091)</ns0:subfield></ns0:datafield><ns0:datafield ind1="7" ind2="4" tag="082"><ns0:subfield code="a">839.50409</ns0:subfield><ns0:subfield code="q">NO-OsNB</ns0:subfield><ns0:subfield code="2">4/nor</ns0:subfield></ns0:datafield><ns0:datafield ind1=" " ind2=" " tag="084"><ns0:subfield code="a">Ab 28c</ns0:subfield><ns0:subfield code="2">ubtkl/2</ns0:subfield></ns0:datafield><ns0:datafield ind1=" " ind2=" " tag="084"><ns0:subfield code="a">Ab 13cf</ns0:subfield><ns0:subfield code="2">ubtkl/2</ns0:subfield></ns0:datafield><ns0:datafield ind1="0" ind2="0" tag="245"><ns0:subfield code="a">Nordisk kvindelitteraturhistorie</ns0:subfield><ns0:subfield code="c">Unni Langås ... [et al.] [redaktører] ; [billedredaktør: Elisabeth Andersen]</ns0:subfield><ns0:subfield code="n">4</ns0:subfield><ns0:subfield code="p">På jorden : 1960-1990</ns0:subfield></ns0:datafield><ns0:datafield ind1=" " ind2=" " tag="260"><ns0:subfield code="a">København</ns0:subfield><ns0:subfield code="b">Rosinante/Munksgaard</ns0:subfield><ns0:subfield code="c">cop. 1997</ns0:subfield></ns0:datafield><ns0:datafield ind1=" " ind2=" " tag="300"><ns0:subfield code="a">597 s.</ns0:subfield><ns0:subfield code="b">ill.</ns0:subfield></ns0:datafield><ns0:datafield ind1=" " ind2=" " tag="653"><ns0:subfield code="a">nordisk</ns0:subfield><ns0:subfield code="a">litteratur</ns0:subfield><ns0:subfield code="a">historie</ns0:subfield><ns0:subfield code="a">kritikk</ns0:subfield><ns0:subfield code="a">litteraturhistoriekvinner</ns0:subfield><ns0:subfield code="a">kvinnelige</ns0:subfield><ns0:subfield code="a">forfattere</ns0:subfield></ns0:datafield><ns0:datafield ind1=" " ind2="7" tag="650"><ns0:subfield code="a">Kvinnelitteratur</ns0:subfield><ns0:subfield code="2">collett</ns0:subfield></ns0:datafield><ns0:datafield ind1=" " ind2="7" tag="650"><ns0:subfield code="a">Kvinnelitteratur</ns0:subfield><ns0:subfield code="2">humord</ns0:subfield><ns0:subfield code="0">(NO-TrBIB)HUME07078</ns0:subfield></ns0:datafield><ns0:datafield ind1=" " ind2="7" tag="650"><ns0:subfield code="a">Historisk framstilling</ns0:subfield><ns0:subfield code="2">humord</ns0:subfield><ns0:subfield code="0">(NO-TrBIB)HUME04097</ns0:subfield></ns0:datafield><ns0:datafield ind1="0" ind2=" " tag="740"><ns0:subfield code="a">Nordisk kvinnolitteraturhistoria</ns0:subfield></ns0:datafield><ns0:datafield ind1="0" ind2="8" tag="773"><ns0:subfield code="i">Inkludert i</ns0:subfield><ns0:subfield code="t">Nordisk kvindelitteraturhistorie</ns0:subfield><ns0:subfield code="d">København : Rosinante/Munksgaard, cop. 1993-cop. 1998</ns0:subfield><ns0:subfield code="g">4</ns0:subfield><ns0:subfield code="z">8716146654</ns0:subfield><ns0:subfield code="w">999308932634702201</ns0:subfield></ns0:datafield><ns0:datafield ind1=" " ind2=" " tag="901"><ns0:subfield code="a">90</ns0:subfield></ns0:datafield><ns0:datafield ind1=" " ind2=" " tag="913"><ns0:subfield code="a">Norbok</ns0:subfield><ns0:subfield code="b">NB</ns0:subfield></ns0:datafield><ns0:datafield ind1=" " ind2=" " tag="913"><ns0:subfield code="a">Collett</ns0:subfield><ns0:subfield code="b">NB</ns0:subfield></ns0:datafield></ns0:record>