
<ns0:record xsi:schemaLocation="http://www.loc.gov/MARC21/slim http://www.loc.gov/standards/marcxml/schema/MARC21slim.xsd"><ns0:leader>01371cam a2200397 c 4500</ns0:leader><ns0:controlfield tag="005">20211031093210.0</ns0:controlfield><ns0:controlfield tag="007">ta</ns0:controlfield><ns0:controlfield tag="007">cr||||||||||||</ns0:controlfield><ns0:controlfield tag="008">130806s1887    xx#||||| |||||000|u|mul| </ns0:controlfield><ns0:controlfield tag="001">999900101394702201</ns0:controlfield><ns0:datafield ind1=" " ind2=" " tag="015"><ns0:subfield code="a">1670400</ns0:subfield><ns0:subfield code="2">nbf</ns0:subfield></ns0:datafield><ns0:datafield ind1=" " ind2=" " tag="035"><ns0:subfield code="a">990010139-47bibsys_network</ns0:subfield></ns0:datafield><ns0:datafield ind1=" " ind2=" " tag="035"><ns0:subfield code="a">(NO-TrBIB)990010139</ns0:subfield></ns0:datafield><ns0:datafield ind1=" " ind2=" " tag="035"><ns0:subfield code="a">(NO-TrBIB)121518388</ns0:subfield></ns0:datafield><ns0:datafield ind1=" " ind2=" " tag="040"><ns0:subfield code="a">NO-OsNB</ns0:subfield><ns0:subfield code="b">nob</ns0:subfield><ns0:subfield code="e">katreg</ns0:subfield></ns0:datafield><ns0:datafield ind1=" " ind2=" " tag="041"><ns0:subfield code="a">dan</ns0:subfield><ns0:subfield code="a">nob</ns0:subfield></ns0:datafield><ns0:datafield ind1=" " ind2=" " tag="044"><ns0:subfield code="c">dk</ns0:subfield></ns0:datafield><ns0:datafield ind1="0" ind2="4" tag="082"><ns0:subfield code="a">305.42092</ns0:subfield><ns0:subfield code="2">23</ns0:subfield></ns0:datafield><ns0:datafield ind1="0" ind2=" " tag="083"><ns0:subfield code="a">092</ns0:subfield><ns0:subfield code="z">1</ns0:subfield><ns0:subfield code="2">23</ns0:subfield></ns0:datafield><ns0:datafield ind1="0" ind2=" " tag="083"><ns0:subfield code="a">839.82</ns0:subfield><ns0:subfield code="2">23</ns0:subfield></ns0:datafield><ns0:datafield ind1=" " ind2=" " tag="084"><ns0:subfield code="a">In 11</ns0:subfield><ns0:subfield code="2">ubtkl/2</ns0:subfield></ns0:datafield><ns0:datafield ind1=" " ind2=" " tag="084"><ns0:subfield code="a">I 304</ns0:subfield><ns0:subfield code="2">oosk</ns0:subfield></ns0:datafield><ns0:datafield ind1="1" ind2=" " tag="100"><ns0:subfield code="a">Tschudi, Clara</ns0:subfield><ns0:subfield code="d">1856-1945</ns0:subfield><ns0:subfield code="0">(NO-TrBIB)90131674</ns0:subfield></ns0:datafield><ns0:datafield ind1="1" ind2="0" tag="245"><ns0:subfield code="a">Tre Nutidskvinder :</ns0:subfield><ns0:subfield code="b">Camilla Collett, Lina Morgenstern, Gertrud Guillaume-Schack</ns0:subfield><ns0:subfield code="c">Clara Tschudi</ns0:subfield></ns0:datafield><ns0:datafield ind1=" " ind2=" " tag="260"><ns0:subfield code="a">Kjøbenhavn</ns0:subfield><ns0:subfield code="b">Schous Forlag</ns0:subfield><ns0:subfield code="c">1887</ns0:subfield></ns0:datafield><ns0:datafield ind1=" " ind2=" " tag="300"><ns0:subfield code="a">151 s.</ns0:subfield></ns0:datafield><ns0:datafield ind1=" " ind2=" " tag="533"><ns0:subfield code="a">Elektronisk reproduksjon</ns0:subfield><ns0:subfield code="b">[Norge]</ns0:subfield><ns0:subfield code="c">Nasjonalbiblioteket Digital</ns0:subfield><ns0:subfield code="d">2012-05-09</ns0:subfield></ns0:datafield><ns0:datafield ind1="1" ind2="7" tag="600"><ns0:subfield code="a">Collett, Camilla</ns0:subfield><ns0:subfield code="d">1813-1895</ns0:subfield><ns0:subfield code="0">(NO-TrBIB)90091665</ns0:subfield><ns0:subfield code="2">bare</ns0:subfield></ns0:datafield><ns0:datafield ind1="1" ind2="7" tag="600"><ns0:subfield code="a">Morgenstern, Lina</ns0:subfield><ns0:subfield code="0">(NO-TrBIB)99000496</ns0:subfield><ns0:subfield code="2">bare</ns0:subfield></ns0:datafield><ns0:datafield ind1="1" ind2="7" tag="600"><ns0:subfield code="a">Guillaume-Schack, Gertrud</ns0:subfield><ns0:subfield code="0">(NO-TrBIB)99000495</ns0:subfield><ns0:subfield code="2">bare</ns0:subfield></ns0:datafield><ns0:datafield ind1=" " ind2=" " tag="653"><ns0:subfield code="a">kvinner</ns0:subfield><ns0:subfield code="a">biografi</ns0:subfield><ns0:subfield code="a">biografier</ns0:subfield></ns0:datafield><ns0:datafield ind1="4" ind2="1" tag="856"><ns0:subfield code="3">Fulltekst</ns0:subfield><ns0:subfield code="u">https://www.nb.no/search?q=oaiid:"oai:nb.bibsys.no:999900101394702202"&amp;mediatype=bøker</ns0:subfield><ns0:subfield code="y">Nettbiblioteket</ns0:subfield><ns0:subfield code="z">Søke-URL</ns0:subfield></ns0:datafield><ns0:datafield ind1=" " ind2=" " tag="901"><ns0:subfield code="a">80</ns0:subfield></ns0:datafield><ns0:datafield ind1=" " ind2=" " tag="913"><ns0:subfield code="a">Collett</ns0:subfield><ns0:subfield code="b">NB</ns0:subfield></ns0:datafield><ns0:datafield ind1=" " ind2=" " tag="913"><ns0:subfield code="a">Norbok</ns0:subfield><ns0:subfield code="b">NB</ns0:subfield></ns0:datafield><ns0:datafield ind1=" " ind2=" " tag="991"><ns0:subfield code="a">volumes</ns0:subfield></ns0:datafield></ns0:record>