
<ns0:record xsi:schemaLocation="http://www.loc.gov/MARC21/slim http://www.loc.gov/standards/marcxml/schema/MARC21slim.xsd"><ns0:leader>01011cam a2200301 c 4500</ns0:leader><ns0:controlfield tag="005">20211031080039.0</ns0:controlfield><ns0:controlfield tag="007">ta</ns0:controlfield><ns0:controlfield tag="007">cr||||||||||||</ns0:controlfield><ns0:controlfield tag="008">130806s1890    no#||||| |||||000|u|nob| </ns0:controlfield><ns0:controlfield tag="001">999608170424702201</ns0:controlfield><ns0:datafield ind1=" " ind2=" " tag="015"><ns0:subfield code="a">0213047</ns0:subfield><ns0:subfield code="2">nbf</ns0:subfield></ns0:datafield><ns0:datafield ind1=" " ind2=" " tag="035"><ns0:subfield code="a">960817042-47bibsys_network</ns0:subfield></ns0:datafield><ns0:datafield ind1=" " ind2=" " tag="035"><ns0:subfield code="a">(NO-TrBIB)960817042</ns0:subfield></ns0:datafield><ns0:datafield ind1=" " ind2=" " tag="035"><ns0:subfield code="a">(NO-TrBIB)09290002x</ns0:subfield></ns0:datafield><ns0:datafield ind1=" " ind2=" " tag="040"><ns0:subfield code="a">NO-OsNB</ns0:subfield><ns0:subfield code="b">nob</ns0:subfield><ns0:subfield code="e">katreg</ns0:subfield></ns0:datafield><ns0:datafield ind1=" " ind2=" " tag="042"><ns0:subfield code="a">norbibl</ns0:subfield></ns0:datafield><ns0:datafield ind1=" " ind2=" " tag="044"><ns0:subfield code="c">no</ns0:subfield></ns0:datafield><ns0:datafield ind1="1" ind2=" " tag="100"><ns0:subfield code="a">Collett, Camilla</ns0:subfield><ns0:subfield code="d">1813-1895</ns0:subfield><ns0:subfield code="0">(NO-TrBIB)90091665</ns0:subfield></ns0:datafield><ns0:datafield ind1="1" ind2="0" tag="245"><ns0:subfield code="a">Lidt Wergelandiana</ns0:subfield></ns0:datafield><ns0:datafield ind1=" " ind2=" " tag="260"><ns0:subfield code="a">[Kristiania]</ns0:subfield><ns0:subfield code="b">[s.n.]</ns0:subfield><ns0:subfield code="c">[1890]</ns0:subfield></ns0:datafield><ns0:datafield ind1=" " ind2=" " tag="300"><ns0:subfield code="a">8 s.</ns0:subfield></ns0:datafield><ns0:datafield ind1=" " ind2=" " tag="500"><ns0:subfield code="a">Særtrykk av: Aftenposten. 1890, 1/11 og 2/11</ns0:subfield></ns0:datafield><ns0:datafield ind1=" " ind2=" " tag="533"><ns0:subfield code="a">Elektronisk reproduksjon</ns0:subfield><ns0:subfield code="b">[Norge]</ns0:subfield><ns0:subfield code="c">Nasjonalbiblioteket Digital</ns0:subfield><ns0:subfield code="d">2009-09-21</ns0:subfield></ns0:datafield><ns0:datafield ind1="1" ind2="7" tag="600"><ns0:subfield code="a">Wergeland, Henrik</ns0:subfield><ns0:subfield code="d">1808-1845</ns0:subfield><ns0:subfield code="0">(NO-TrBIB)90054061</ns0:subfield><ns0:subfield code="2">bare</ns0:subfield></ns0:datafield><ns0:datafield ind1="4" ind2="1" tag="856"><ns0:subfield code="3">Fulltekst</ns0:subfield><ns0:subfield code="u">https://www.nb.no/search?q=oaiid:"oai:nb.bibsys.no:999608170424702202"&amp;mediatype=bøker</ns0:subfield><ns0:subfield code="y">Nettbiblioteket</ns0:subfield><ns0:subfield code="z">Søke-URL</ns0:subfield></ns0:datafield><ns0:datafield ind1=" " ind2=" " tag="901"><ns0:subfield code="a">90</ns0:subfield></ns0:datafield><ns0:datafield ind1=" " ind2=" " tag="913"><ns0:subfield code="a">Collett</ns0:subfield><ns0:subfield code="b">NB</ns0:subfield></ns0:datafield><ns0:datafield ind1=" " ind2=" " tag="913"><ns0:subfield code="a">Norbok</ns0:subfield><ns0:subfield code="b">NB</ns0:subfield></ns0:datafield></ns0:record>