
<ns0:record xsi:schemaLocation="http://www.loc.gov/MARC21/slim http://www.loc.gov/standards/marcxml/schema/MARC21slim.xsd"><ns0:leader>01015cam a22002531c 4500</ns0:leader><ns0:controlfield tag="005">20181019164519.0</ns0:controlfield><ns0:controlfield tag="007">ta</ns0:controlfield><ns0:controlfield tag="008">130806s1877    dk |||||||||||000|0|dan|c</ns0:controlfield><ns0:controlfield tag="001">999511233004702201</ns0:controlfield><ns0:datafield ind1=" " ind2=" " tag="035"><ns0:subfield code="a">951123300-47bibsys_network</ns0:subfield></ns0:datafield><ns0:datafield ind1=" " ind2=" " tag="035"><ns0:subfield code="a">(NO-TrBIB)951123300</ns0:subfield></ns0:datafield><ns0:datafield ind1=" " ind2=" " tag="040"><ns0:subfield code="a">NO-TrBIB</ns0:subfield><ns0:subfield code="b">nob</ns0:subfield><ns0:subfield code="e">katreg</ns0:subfield></ns0:datafield><ns0:datafield ind1="1" ind2=" " tag="100"><ns0:subfield code="a">Jæger, Henrik</ns0:subfield><ns0:subfield code="d">1854-1895</ns0:subfield><ns0:subfield code="0">(NO-TrBIB)90128617</ns0:subfield><ns0:subfield code="4">aut</ns0:subfield></ns0:datafield><ns0:datafield ind1="1" ind2="3" tag="245"><ns0:subfield code="a">En norsk Forfaterinde</ns0:subfield><ns0:subfield code="c">Henrik Jæger. Et Gjenmæle / Camilla Collett. I Anledning af Fru Colletts "Gjenmæle" / Henrik Jæger</ns0:subfield></ns0:datafield><ns0:datafield ind1=" " ind2=" " tag="260"><ns0:subfield code="a">København</ns0:subfield><ns0:subfield code="c">1877</ns0:subfield></ns0:datafield><ns0:datafield ind1=" " ind2=" " tag="300"><ns0:subfield code="a">S. 1-50, 271-307</ns0:subfield></ns0:datafield><ns0:datafield ind1="1" ind2=" " tag="490"><ns0:subfield code="a">Nordisk Tidsskrift. B.2. 1877</ns0:subfield></ns0:datafield><ns0:datafield ind1=" " ind2="7" tag="655"><ns0:subfield code="a">Tidsskriftartikkel</ns0:subfield><ns0:subfield code="2">norvok</ns0:subfield></ns0:datafield><ns0:datafield ind1="1" ind2="2" tag="700"><ns0:subfield code="a">Jæger, Henrik</ns0:subfield><ns0:subfield code="d">1854-1895</ns0:subfield><ns0:subfield code="t">I Anledning af Fru Colletts "Gjenmæle"</ns0:subfield><ns0:subfield code="0">(NO-TrBIB)90128617</ns0:subfield></ns0:datafield><ns0:datafield ind1="1" ind2="2" tag="700"><ns0:subfield code="a">Jæger, Henrik</ns0:subfield><ns0:subfield code="d">1854-1895</ns0:subfield><ns0:subfield code="t">En norsk Forfaterinde</ns0:subfield><ns0:subfield code="0">(NO-TrBIB)90128617</ns0:subfield></ns0:datafield><ns0:datafield ind1=" " ind2="0" tag="830"><ns0:subfield code="a">Nordisk Tidsskrift. B.2. 1877</ns0:subfield></ns0:datafield><ns0:datafield ind1=" " ind2=" " tag="901"><ns0:subfield code="a">70</ns0:subfield></ns0:datafield><ns0:datafield ind1=" " ind2=" " tag="913"><ns0:subfield code="a">Collett</ns0:subfield><ns0:subfield code="b">NB</ns0:subfield></ns0:datafield></ns0:record>