
<ns0:record xsi:schemaLocation="http://www.loc.gov/MARC21/slim http://www.loc.gov/standards/marcxml/schema/MARC21slim.xsd"><ns0:leader>01258cam a2200325 c 4500</ns0:leader><ns0:controlfield tag="005">20211103080714.0</ns0:controlfield><ns0:controlfield tag="007">ta</ns0:controlfield><ns0:controlfield tag="007">cr||||||||||||</ns0:controlfield><ns0:controlfield tag="008">140307s1893    no ||||| |||||000|u|nob| </ns0:controlfield><ns0:controlfield tag="001">999505942374702201</ns0:controlfield><ns0:datafield ind1=" " ind2=" " tag="015"><ns0:subfield code="a">1233530</ns0:subfield><ns0:subfield code="2">nbf</ns0:subfield></ns0:datafield><ns0:datafield ind1=" " ind2=" " tag="035"><ns0:subfield code="a">950594237-47bibsys_network</ns0:subfield></ns0:datafield><ns0:datafield ind1=" " ind2=" " tag="035"><ns0:subfield code="a">(NO-TrBIB)950594237</ns0:subfield></ns0:datafield><ns0:datafield ind1=" " ind2=" " tag="035"><ns0:subfield code="a">(NO-TrBIB)092899080</ns0:subfield></ns0:datafield><ns0:datafield ind1=" " ind2=" " tag="040"><ns0:subfield code="a">NO-OsNB</ns0:subfield><ns0:subfield code="b">nob</ns0:subfield><ns0:subfield code="e">katreg</ns0:subfield></ns0:datafield><ns0:datafield ind1=" " ind2=" " tag="080"><ns0:subfield code="a">839.6</ns0:subfield></ns0:datafield><ns0:datafield ind1="1" ind2=" " tag="100"><ns0:subfield code="a">Collett, Camilla</ns0:subfield><ns0:subfield code="d">1813-1895</ns0:subfield><ns0:subfield code="0">(NO-TrBIB)90091665</ns0:subfield></ns0:datafield><ns0:datafield ind1="1" ind2="0" tag="245"><ns0:subfield code="a">Camilla Colletts Skrifter</ns0:subfield><ns0:subfield code="n">5</ns0:subfield><ns0:subfield code="p">Erindringer og Bekjendelser</ns0:subfield><ns0:subfield code="n">Første Del</ns0:subfield></ns0:datafield><ns0:datafield ind1=" " ind2=" " tag="250"><ns0:subfield code="a">Ny, forøg. og omarb. Udg.</ns0:subfield></ns0:datafield><ns0:datafield ind1=" " ind2=" " tag="260"><ns0:subfield code="a">Kristiania</ns0:subfield><ns0:subfield code="b">Cammermeyer</ns0:subfield><ns0:subfield code="c">1893</ns0:subfield></ns0:datafield><ns0:datafield ind1=" " ind2=" " tag="300"><ns0:subfield code="a">245 s.</ns0:subfield></ns0:datafield><ns0:datafield ind1=" " ind2=" " tag="533"><ns0:subfield code="a">Elektronisk reproduksjon</ns0:subfield><ns0:subfield code="b">[Norge]</ns0:subfield><ns0:subfield code="c">Nasjonalbiblioteket Digital</ns0:subfield><ns0:subfield code="d">2009-09-21</ns0:subfield></ns0:datafield><ns0:datafield ind1=" " ind2=" " tag="653"><ns0:subfield code="a">skjønnlitteratur</ns0:subfield></ns0:datafield><ns0:datafield ind1="0" ind2=" " tag="740"><ns0:subfield code="a">Skrifter</ns0:subfield></ns0:datafield><ns0:datafield ind1="0" ind2=" " tag="776"><ns0:subfield code="t">Erindringer og bekjendelser</ns0:subfield><ns0:subfield code="w">991333438804702201</ns0:subfield></ns0:datafield><ns0:datafield ind1="0" ind2="8" tag="773"><ns0:subfield code="i">Inkludert i</ns0:subfield><ns0:subfield code="a">Collett, Camilla, 1813-1895</ns0:subfield><ns0:subfield code="t">Camilla Colletts Skrifter</ns0:subfield><ns0:subfield code="b">Ny, forøg. og omarb. Udg.</ns0:subfield><ns0:subfield code="d">Kristiania : Cammermeyer, 1892-1894</ns0:subfield><ns0:subfield code="g">5</ns0:subfield><ns0:subfield code="w">999100147524702201</ns0:subfield></ns0:datafield><ns0:datafield ind1="4" ind2="1" tag="856"><ns0:subfield code="3">Fulltekst</ns0:subfield><ns0:subfield code="u">https://www.nb.no/search?q=oaiid:"oai:nb.bibsys.no:999505942374702202"&amp;mediatype=bøker</ns0:subfield><ns0:subfield code="y">Nettbiblioteket</ns0:subfield><ns0:subfield code="z">Søke-URL</ns0:subfield></ns0:datafield><ns0:datafield ind1=" " ind2=" " tag="901"><ns0:subfield code="a">80</ns0:subfield></ns0:datafield><ns0:datafield ind1=" " ind2=" " tag="913"><ns0:subfield code="a">Collett</ns0:subfield><ns0:subfield code="b">NB</ns0:subfield></ns0:datafield><ns0:datafield ind1=" " ind2=" " tag="913"><ns0:subfield code="a">Ibsensamlingen</ns0:subfield><ns0:subfield code="b">NB</ns0:subfield></ns0:datafield></ns0:record>