
<ns0:record xsi:schemaLocation="http://www.loc.gov/MARC21/slim http://www.loc.gov/standards/marcxml/schema/MARC21slim.xsd"><ns0:leader>02184naa a2200373 c 4500</ns0:leader><ns0:controlfield tag="005">20170815102933.0</ns0:controlfield><ns0:controlfield tag="007">ta</ns0:controlfield><ns0:controlfield tag="008">170814s2014    no     | o||||00||0 nob|c</ns0:controlfield><ns0:controlfield tag="001">999920348787402201</ns0:controlfield><ns0:datafield ind1=" " ind2=" " tag="040"><ns0:subfield code="a">NO-TrBIB</ns0:subfield><ns0:subfield code="b">nob</ns0:subfield><ns0:subfield code="e">katreg</ns0:subfield></ns0:datafield><ns0:datafield ind1="0" ind2="4" tag="082"><ns0:subfield code="a">305.42</ns0:subfield><ns0:subfield code="2">23/nor</ns0:subfield><ns0:subfield code="q">NO-OsNB</ns0:subfield></ns0:datafield><ns0:datafield ind1="1" ind2=" " tag="100"><ns0:subfield code="a">Lindtner, Synnøve Skarsbø</ns0:subfield><ns0:subfield code="d">1974-</ns0:subfield><ns0:subfield code="0">(NO-TrBIB)14017032</ns0:subfield><ns0:subfield code="4">rev</ns0:subfield></ns0:datafield><ns0:datafield ind1="1" ind2="0" tag="245"><ns0:subfield code="a">Er vi her nå? :</ns0:subfield><ns0:subfield code="b">om å skulle feire og problematisere stemmerettskampen</ns0:subfield><ns0:subfield code="c">av Synnøve Skarsbø Lindtner</ns0:subfield></ns0:datafield><ns0:datafield ind1=" " ind2=" " tag="300"><ns0:subfield code="a">S. 86-97</ns0:subfield></ns0:datafield><ns0:datafield ind1=" " ind2=" " tag="500"><ns0:subfield code="a">Om bøkene: Norsk likestillingshistorie 1814-2013 / Hilde Danielsen, Eirinn Larsen, Ingeborg W. Owesen. Språk og oppmerksomhet / Toril Moi. Formødrenes stemmer : kvinneliv rundt stemmeretten / Audhild Oltedal, Arnhild Skre (red.). Camilla Collett - engasjerte essays / Tone Selboe. Statsfeministen, statsfeminismen og verden utenfor / Inger Skjelsbæk. Retorikken i kampen om kvinnestemmeretten / Johan L. Tønnesson, Berit von der Lippe</ns0:subfield></ns0:datafield><ns0:datafield ind1=" " ind2="7" tag="655"><ns0:subfield code="a">Tidsskriftartikkel</ns0:subfield><ns0:subfield code="2">collett</ns0:subfield></ns0:datafield><ns0:datafield ind1=" " ind2="7" tag="655"><ns0:subfield code="a">Bokanmeldelse</ns0:subfield><ns0:subfield code="2">collett</ns0:subfield></ns0:datafield><ns0:datafield ind1="1" ind2="7" tag="600"><ns0:subfield code="a">Collett, Camilla</ns0:subfield><ns0:subfield code="d">1813-1895</ns0:subfield><ns0:subfield code="0">(NO-TrBIB)90091665</ns0:subfield><ns0:subfield code="2">bare</ns0:subfield></ns0:datafield><ns0:datafield ind1="1" ind2="7" tag="600"><ns0:subfield code="a">Danielsen, Hilde</ns0:subfield><ns0:subfield code="d">1971-</ns0:subfield><ns0:subfield code="t">Norsk likestillingshistorie 1814-2013</ns0:subfield><ns0:subfield code="2">bare</ns0:subfield></ns0:datafield><ns0:datafield ind1="1" ind2="7" tag="600"><ns0:subfield code="a">Larsen, Eirinn</ns0:subfield><ns0:subfield code="d">1969-</ns0:subfield><ns0:subfield code="t">Norsk likestillingshistorie 1814-2013</ns0:subfield><ns0:subfield code="2">bare</ns0:subfield></ns0:datafield><ns0:datafield ind1="1" ind2="7" tag="600"><ns0:subfield code="a">Owesen, Ingeborg Winderen</ns0:subfield><ns0:subfield code="d">1962-</ns0:subfield><ns0:subfield code="t">Norsk likestillingshistorie 1814-2013</ns0:subfield><ns0:subfield code="2">bare</ns0:subfield></ns0:datafield><ns0:datafield ind1="1" ind2="7" tag="600"><ns0:subfield code="a">Moi, Toril</ns0:subfield><ns0:subfield code="d">1953-</ns0:subfield><ns0:subfield code="t">Språk og oppmerksomhet</ns0:subfield><ns0:subfield code="2">bare</ns0:subfield></ns0:datafield><ns0:datafield ind1="1" ind2="7" tag="600"><ns0:subfield code="a">Selboe, Tone</ns0:subfield><ns0:subfield code="d">1959-</ns0:subfield><ns0:subfield code="t">Camilla Collett - engasjerte essays</ns0:subfield><ns0:subfield code="2">bare</ns0:subfield></ns0:datafield><ns0:datafield ind1="1" ind2="7" tag="600"><ns0:subfield code="a">Skjelsbæk, Inger</ns0:subfield><ns0:subfield code="d">1969-</ns0:subfield><ns0:subfield code="t">Statsfeministen, statsfeminismen og verden utenfor</ns0:subfield><ns0:subfield code="2">bare</ns0:subfield></ns0:datafield><ns0:datafield ind1="1" ind2="7" tag="600"><ns0:subfield code="a">Tønnesson, Johan L.</ns0:subfield><ns0:subfield code="d">1956-</ns0:subfield><ns0:subfield code="t">Statsfeministen, statsfeminismen og verden utenfor</ns0:subfield><ns0:subfield code="2">bare</ns0:subfield></ns0:datafield><ns0:datafield ind1="1" ind2="7" tag="600"><ns0:subfield code="a">Lippe, Berit von der</ns0:subfield><ns0:subfield code="d">1944-</ns0:subfield><ns0:subfield code="t">Statsfeministen, statsfeminismen og verden utenfor</ns0:subfield><ns0:subfield code="2">bare</ns0:subfield></ns0:datafield><ns0:datafield ind1=" " ind2="4" tag="650"><ns0:subfield code="a">Kvinnekamp</ns0:subfield></ns0:datafield><ns0:datafield ind1=" " ind2="4" tag="650"><ns0:subfield code="a">Likestilling</ns0:subfield></ns0:datafield><ns0:datafield ind1=" " ind2="2" tag="740"><ns0:subfield code="a">Formødrenes stemmer : kvinneliv rundt stemmeretten</ns0:subfield></ns0:datafield><ns0:datafield ind1="0" ind2=" " tag="773"><ns0:subfield code="t">Nytt norsk tidsskrift</ns0:subfield><ns0:subfield code="x">0800-336X</ns0:subfield><ns0:subfield code="w">99110978978740107</ns0:subfield><ns0:subfield code="g">Årg. 31, nr. 1 (2014)</ns0:subfield></ns0:datafield><ns0:datafield ind1="4" ind2="1" tag="856"><ns0:subfield code="u">http://www.idunn.no/ts/nnt/2014/01/er_vi_her_naa_om_aa_skulle_feire_og_problematisere_stemmeret</ns0:subfield></ns0:datafield><ns0:datafield ind1=" " ind2=" " tag="913"><ns0:subfield code="a">Norart</ns0:subfield><ns0:subfield code="b">NB</ns0:subfield></ns0:datafield><ns0:datafield ind1=" " ind2=" " tag="913"><ns0:subfield code="a">Collett</ns0:subfield><ns0:subfield code="b">NB</ns0:subfield></ns0:datafield><ns0:datafield ind1=" " ind2=" " tag="913"><ns0:subfield code="a">Littforsk</ns0:subfield><ns0:subfield code="b">NB</ns0:subfield></ns0:datafield></ns0:record>