
<ns0:record xsi:schemaLocation="http://www.loc.gov/MARC21/slim http://www.loc.gov/standards/marcxml/schema/MARC21slim.xsd"><ns0:leader>00986naa a2200229 c 4500</ns0:leader><ns0:controlfield tag="005">20190903213804.0</ns0:controlfield><ns0:controlfield tag="007">ta</ns0:controlfield><ns0:controlfield tag="008">180313s2015    gw     | |||||00||0 ger|c</ns0:controlfield><ns0:controlfield tag="001">999920523483602201</ns0:controlfield><ns0:datafield ind1=" " ind2=" " tag="040"><ns0:subfield code="a">NO-TrBIB</ns0:subfield><ns0:subfield code="b">nob</ns0:subfield><ns0:subfield code="e">katreg</ns0:subfield></ns0:datafield><ns0:datafield ind1="1" ind2=" " tag="041"><ns0:subfield code="a">ger</ns0:subfield><ns0:subfield code="h">nob</ns0:subfield></ns0:datafield><ns0:datafield ind1="1" ind2=" " tag="100"><ns0:subfield code="a">Ørjasæter, Kristin</ns0:subfield><ns0:subfield code="d">1959-</ns0:subfield><ns0:subfield code="0">(NO-TrBIB)90358195</ns0:subfield><ns0:subfield code="4">aut</ns0:subfield></ns0:datafield><ns0:datafield ind1="1" ind2="0" tag="245"><ns0:subfield code="a">Über die Wichtigkeit, die eigene Gedanken auszusprechen :</ns0:subfield><ns0:subfield code="b">Camilla Colletts Beziehung zu Rahel Varnhagen</ns0:subfield><ns0:subfield code="c">Kristin Ørjaseter ; aus dem Norwegischen von Gabriele Haefs</ns0:subfield></ns0:datafield><ns0:datafield ind1=" " ind2=" " tag="300"><ns0:subfield code="a">S. 421-428</ns0:subfield></ns0:datafield><ns0:datafield ind1="1" ind2="7" tag="600"><ns0:subfield code="a">Collett, Camilla</ns0:subfield><ns0:subfield code="d">1813-1895</ns0:subfield><ns0:subfield code="0">(NO-TrBIB)90091665</ns0:subfield><ns0:subfield code="2">bare</ns0:subfield></ns0:datafield><ns0:datafield ind1="1" ind2="7" tag="600"><ns0:subfield code="a">Varnhagen, Rahel</ns0:subfield><ns0:subfield code="d">1771-1833</ns0:subfield><ns0:subfield code="0">(NO-TrBIB)90055869</ns0:subfield><ns0:subfield code="2">bare</ns0:subfield></ns0:datafield><ns0:datafield ind1=" " ind2="7" tag="650"><ns0:subfield code="a">Brev</ns0:subfield><ns0:subfield code="2">norvok</ns0:subfield></ns0:datafield><ns0:datafield ind1=" " ind2="7" tag="650"><ns0:subfield code="a">Feminisme</ns0:subfield><ns0:subfield code="2">norvok</ns0:subfield></ns0:datafield><ns0:datafield ind1="1" ind2=" " tag="700"><ns0:subfield code="a">Haefs, Gabriele</ns0:subfield><ns0:subfield code="d">1953-</ns0:subfield><ns0:subfield code="0">(NO-TrBIB)90353340</ns0:subfield><ns0:subfield code="4">trl</ns0:subfield></ns0:datafield><ns0:datafield ind1="0" ind2=" " tag="773"><ns0:subfield code="t">Der Sopha schön, und doch zum Lottern</ns0:subfield><ns0:subfield code="z">978-3-8305-0579-2</ns0:subfield><ns0:subfield code="d">Berlin : Berliner Wissenschafts-Verlag, cop. 2015</ns0:subfield><ns0:subfield code="w">999920020481102201</ns0:subfield></ns0:datafield><ns0:datafield ind1=" " ind2=" " tag="913"><ns0:subfield code="a">Collett</ns0:subfield><ns0:subfield code="b">NB</ns0:subfield></ns0:datafield><ns0:datafield ind1=" " ind2=" " tag="913"><ns0:subfield code="a">Littforsk</ns0:subfield><ns0:subfield code="b">NB</ns0:subfield></ns0:datafield></ns0:record>