
<ns0:record xsi:schemaLocation="http://www.loc.gov/MARC21/slim http://www.loc.gov/standards/marcxml/schema/MARC21slim.xsd"><ns0:leader>00989naa a2200241 c 4500</ns0:leader><ns0:controlfield tag="005">20210923093333.0</ns0:controlfield><ns0:controlfield tag="007">ta</ns0:controlfield><ns0:controlfield tag="008">181026s2018    no ac  | |||||00||0 nob|c</ns0:controlfield><ns0:controlfield tag="001">999920661994102201</ns0:controlfield><ns0:datafield ind1=" " ind2=" " tag="040"><ns0:subfield code="a">NO-TrBIB</ns0:subfield><ns0:subfield code="b">nob</ns0:subfield><ns0:subfield code="e">katreg</ns0:subfield></ns0:datafield><ns0:datafield ind1="1" ind2=" " tag="100"><ns0:subfield code="a">Langeland, Asbjørn</ns0:subfield><ns0:subfield code="d">1941-</ns0:subfield><ns0:subfield code="0">(NO-TrBIB)90068405</ns0:subfield><ns0:subfield code="4">aut</ns0:subfield></ns0:datafield><ns0:datafield ind1="1" ind2="0" tag="245"><ns0:subfield code="a">Reiseinntrykk fra Romerike for 200 år siden</ns0:subfield></ns0:datafield><ns0:datafield ind1=" " ind2=" " tag="300"><ns0:subfield code="a">S. 168-173</ns0:subfield><ns0:subfield code="b">ill., port.</ns0:subfield></ns0:datafield><ns0:datafield ind1=" " ind2=" " tag="500"><ns0:subfield code="a">Om Thomas Robert Malthus og Camilla Colletts reiseskildringer</ns0:subfield></ns0:datafield><ns0:datafield ind1=" " ind2="7" tag="655"><ns0:subfield code="a">Bokkapittel</ns0:subfield><ns0:subfield code="2">norvok</ns0:subfield></ns0:datafield><ns0:datafield ind1=" " ind2="7" tag="650"><ns0:subfield code="a">Reiser</ns0:subfield><ns0:subfield code="2">norvok</ns0:subfield></ns0:datafield><ns0:datafield ind1=" " ind2="7" tag="651"><ns0:subfield code="a">Romerike</ns0:subfield><ns0:subfield code="2">norbok</ns0:subfield></ns0:datafield><ns0:datafield ind1="1" ind2="7" tag="600"><ns0:subfield code="a">Malthus, T.R.</ns0:subfield><ns0:subfield code="d">1766-1834</ns0:subfield><ns0:subfield code="0">(NO-TrBIB)90145711</ns0:subfield><ns0:subfield code="2">bare</ns0:subfield></ns0:datafield><ns0:datafield ind1="1" ind2="7" tag="600"><ns0:subfield code="a">Collett, Camilla</ns0:subfield><ns0:subfield code="d">1813-1895</ns0:subfield><ns0:subfield code="0">(NO-TrBIB)90091665</ns0:subfield><ns0:subfield code="2">bare</ns0:subfield></ns0:datafield><ns0:datafield ind1="1" ind2=" " tag="700"><ns0:subfield code="a">Malthus, T.R.</ns0:subfield><ns0:subfield code="d">1766-1834</ns0:subfield><ns0:subfield code="0">(NO-TrBIB)90145711</ns0:subfield></ns0:datafield><ns0:datafield ind1="1" ind2=" " tag="700"><ns0:subfield code="a">Collett, Camilla</ns0:subfield><ns0:subfield code="d">1813-1895</ns0:subfield><ns0:subfield code="0">(NO-TrBIB)90091665</ns0:subfield></ns0:datafield><ns0:datafield ind1="0" ind2=" " tag="773"><ns0:subfield code="a">Langeland, Asbjørn, 1941-</ns0:subfield><ns0:subfield code="t">Før i tida</ns0:subfield><ns0:subfield code="d">Rånåsfoss : Svein Sandnes bokforl., 2018</ns0:subfield><ns0:subfield code="w">(NO-OsBAS)150299333</ns0:subfield><ns0:subfield code="z">978-82-92945-33-9</ns0:subfield><ns0:subfield code="w">999920591640502201</ns0:subfield></ns0:datafield><ns0:datafield ind1=" " ind2=" " tag="913"><ns0:subfield code="a">Collett</ns0:subfield><ns0:subfield code="b">NB</ns0:subfield></ns0:datafield></ns0:record>