
<ns0:record xsi:schemaLocation="http://www.loc.gov/MARC21/slim http://www.loc.gov/standards/marcxml/schema/MARC21slim.xsd"><ns0:leader>00603naa a2200181 c 4500</ns0:leader><ns0:controlfield tag="005">20181123081324.0</ns0:controlfield><ns0:controlfield tag="007">ta</ns0:controlfield><ns0:controlfield tag="008">181122s2004    no a   | |||||00||j vie|c</ns0:controlfield><ns0:controlfield tag="001">999920705091902201</ns0:controlfield><ns0:datafield ind1=" " ind2=" " tag="040"><ns0:subfield code="a">NO-TrBIB</ns0:subfield><ns0:subfield code="b">nob</ns0:subfield><ns0:subfield code="e">katreg</ns0:subfield></ns0:datafield><ns0:datafield ind1="1" ind2=" " tag="100"><ns0:subfield code="a">Collett, Camilla</ns0:subfield><ns0:subfield code="d">1813-1895</ns0:subfield><ns0:subfield code="0">(NO-TrBIB)90091665</ns0:subfield><ns0:subfield code="4">aut</ns0:subfield></ns0:datafield><ns0:datafield ind1="1" ind2="0" tag="245"><ns0:subfield code="a">Niếm vui khác =</ns0:subfield><ns0:subfield code="b">Forskjellige Glæder</ns0:subfield><ns0:subfield code="c">Camilla Jacobine Collett</ns0:subfield></ns0:datafield><ns0:datafield ind1="1" ind2="1" tag="246"><ns0:subfield code="a">Forskjellige Glæder</ns0:subfield></ns0:datafield><ns0:datafield ind1=" " ind2=" " tag="300"><ns0:subfield code="a">S. [62]-65</ns0:subfield><ns0:subfield code="b">ill.</ns0:subfield></ns0:datafield><ns0:datafield ind1=" " ind2="7" tag="655"><ns0:subfield code="a">Bokkapittel</ns0:subfield><ns0:subfield code="2">norvok</ns0:subfield></ns0:datafield><ns0:datafield ind1=" " ind2="7" tag="655"><ns0:subfield code="a">Novelle</ns0:subfield><ns0:subfield code="2">norvok</ns0:subfield></ns0:datafield><ns0:datafield ind1="0" ind2=" " tag="773"><ns0:subfield code="t">Hoa tuyết :</ns0:subfield><ns0:subfield code="d">Oslo : Anh Em, 2004</ns0:subfield><ns0:subfield code="z">8291587396</ns0:subfield><ns0:subfield code="w">991215634644702201</ns0:subfield></ns0:datafield><ns0:datafield ind1=" " ind2=" " tag="913"><ns0:subfield code="a">Collett</ns0:subfield><ns0:subfield code="b">NB</ns0:subfield></ns0:datafield></ns0:record>