
<ns0:record xsi:schemaLocation="http://www.loc.gov/MARC21/slim http://www.loc.gov/standards/marcxml/schema/MARC21slim.xsd"><ns0:leader>01281naa a2200265 c 4500</ns0:leader><ns0:controlfield tag="005">20200428151044.0</ns0:controlfield><ns0:controlfield tag="007">ta</ns0:controlfield><ns0:controlfield tag="008">200428s1861    no |||||||||||000|i|nob| </ns0:controlfield><ns0:controlfield tag="001">999921086478202201</ns0:controlfield><ns0:datafield ind1=" " ind2=" " tag="040"><ns0:subfield code="a">NO-OsNB</ns0:subfield><ns0:subfield code="b">nob</ns0:subfield><ns0:subfield code="e">katreg</ns0:subfield></ns0:datafield><ns0:datafield ind1="1" ind2=" " tag="100"><ns0:subfield code="a">Collett, Camilla</ns0:subfield><ns0:subfield code="d">1813-1895</ns0:subfield><ns0:subfield code="0">(NO-TrBIB)90091665</ns0:subfield><ns0:subfield code="4">aut</ns0:subfield></ns0:datafield><ns0:datafield ind1="1" ind2="0" tag="245"><ns0:subfield code="a">[Indbydelse] :</ns0:subfield><ns0:subfield code="b">[Fra en Forening af Byens mest actede Damer ...]</ns0:subfield></ns0:datafield><ns0:datafield ind1=" " ind2=" " tag="300"><ns0:subfield code="a">1 ark</ns0:subfield></ns0:datafield><ns0:datafield ind1=" " ind2=" " tag="500"><ns0:subfield code="a">Tittel laget av katalogisator</ns0:subfield></ns0:datafield><ns0:datafield ind1=" " ind2=" " tag="500"><ns0:subfield code="a">Brev fra en Damekomité, skrevet av Camilla Collett, til innsamling for at skaffe Studentersamfunnet byster av Welhaven og Wergeland</ns0:subfield></ns0:datafield><ns0:datafield ind1=" " ind2=" " tag="500"><ns0:subfield code="a">Jf. Illustreret Nyhedsblad. 10 (1861) Nr 48 og Aftenposten 1881, 13/9</ns0:subfield></ns0:datafield><ns0:datafield ind1=" " ind2=" " tag="500"><ns0:subfield code="a">Brevet er utgitt som innstikk til avisen</ns0:subfield></ns0:datafield><ns0:datafield ind1="1" ind2="7" tag="600"><ns0:subfield code="a">Welhaven, J.S.</ns0:subfield><ns0:subfield code="d">1807-1873</ns0:subfield><ns0:subfield code="q">(Johan Sebastian)</ns0:subfield><ns0:subfield code="0">(NO-TrBIB)90087769</ns0:subfield><ns0:subfield code="2">bare</ns0:subfield></ns0:datafield><ns0:datafield ind1="1" ind2="7" tag="600"><ns0:subfield code="a">Wergeland, Henrik</ns0:subfield><ns0:subfield code="d">1808-1845</ns0:subfield><ns0:subfield code="0">(NO-TrBIB)90054061</ns0:subfield><ns0:subfield code="2">bare</ns0:subfield></ns0:datafield><ns0:datafield ind1=" " ind2="7" tag="650"><ns0:subfield code="a">Monumenter</ns0:subfield><ns0:subfield code="2">norvok</ns0:subfield></ns0:datafield><ns0:datafield ind1=" " ind2="7" tag="655"><ns0:subfield code="a">Brev</ns0:subfield><ns0:subfield code="2">norvok</ns0:subfield></ns0:datafield><ns0:datafield ind1="1" ind2=" " tag="600"><ns0:subfield code="a">Collett, Camilla</ns0:subfield><ns0:subfield code="d">1813-1895</ns0:subfield><ns0:subfield code="0">(NO-TrBIB)90091665</ns0:subfield><ns0:subfield code="2">bare</ns0:subfield></ns0:datafield><ns0:datafield ind1="0" ind2=" " tag="740"><ns0:subfield code="a">Brev fra en Damekomité, skrevet av Camilla Collett, til Indsamling for at skaffe Studentersamfunnet Byster av Welhaven og Wergeland</ns0:subfield></ns0:datafield><ns0:datafield ind1="0" ind2=" " tag="773"><ns0:subfield code="a">Morgenbladet (trykt utg.)</ns0:subfield><ns0:subfield code="d">Oslo : Morgenbladet as </ns0:subfield><ns0:subfield code="g">1861,13/9 </ns0:subfield><ns0:subfield code="x"> 0805-3847</ns0:subfield><ns0:subfield code="w">999303247064702201</ns0:subfield></ns0:datafield><ns0:datafield ind1=" " ind2=" " tag="913"><ns0:subfield code="a">Collett</ns0:subfield><ns0:subfield code="b">NB</ns0:subfield></ns0:datafield></ns0:record>