
<ns0:record xsi:schemaLocation="http://www.loc.gov/MARC21/slim http://www.loc.gov/standards/marcxml/schema/MARC21slim.xsd"><ns0:leader>01271naa a2200277 c 4500</ns0:leader><ns0:controlfield tag="005">20210623080630.0</ns0:controlfield><ns0:controlfield tag="007">ta</ns0:controlfield><ns0:controlfield tag="008">210209s2020    no a   | |||||00||0 nob|c</ns0:controlfield><ns0:controlfield tag="001">999921289191502201</ns0:controlfield><ns0:datafield ind1=" " ind2=" " tag="040"><ns0:subfield code="a">NO-TrBIB</ns0:subfield><ns0:subfield code="b">nob</ns0:subfield><ns0:subfield code="e">rda</ns0:subfield></ns0:datafield><ns0:datafield ind1="1" ind2=" " tag="100"><ns0:subfield code="a">Klok, Janke</ns0:subfield><ns0:subfield code="d">1955-</ns0:subfield><ns0:subfield code="0">(NO-TrBIB)1576104600021</ns0:subfield><ns0:subfield code="4">aut</ns0:subfield></ns0:datafield><ns0:datafield ind1="1" ind2="0" tag="245"><ns0:subfield code="a">Norske forfatteres Feminapolis ved fem av dem :</ns0:subfield><ns0:subfield code="b">Collett, Skram, Undset, Sandel og Haslunds litterære by</ns0:subfield><ns0:subfield code="c">Janke Klok</ns0:subfield></ns0:datafield><ns0:datafield ind1=" " ind2=" " tag="300"><ns0:subfield code="a">Side 71-111</ns0:subfield><ns0:subfield code="b">illustrasjoner</ns0:subfield></ns0:datafield><ns0:datafield ind1=" " ind2=" " tag="336"><ns0:subfield code="a">tekst</ns0:subfield><ns0:subfield code="h">ttp://rdaregistry.info/termList/RDAContentType/1020</ns0:subfield><ns0:subfield code="2">rdaco</ns0:subfield></ns0:datafield><ns0:datafield ind1=" " ind2=" " tag="337"><ns0:subfield code="a">uformidlet</ns0:subfield><ns0:subfield code="0">http://rdaregistry.info/termList/RDAMediaType/1007</ns0:subfield><ns0:subfield code="2">rdamt</ns0:subfield></ns0:datafield><ns0:datafield ind1=" " ind2=" " tag="338"><ns0:subfield code="a">bind</ns0:subfield><ns0:subfield code="0">http://rdaregistry.info/termList/RDACarrierType/1049</ns0:subfield><ns0:subfield code="2">rdact</ns0:subfield></ns0:datafield><ns0:datafield ind1="1" ind2="7" tag="600"><ns0:subfield code="a">Collett, Camilla</ns0:subfield><ns0:subfield code="d">1813-1895</ns0:subfield><ns0:subfield code="0">(NO-TrBIB)90091665</ns0:subfield><ns0:subfield code="2">bare</ns0:subfield></ns0:datafield><ns0:datafield ind1="1" ind2="7" tag="600"><ns0:subfield code="a">Skram, Amalie</ns0:subfield><ns0:subfield code="d">1846-1905</ns0:subfield><ns0:subfield code="0">(NO-TrBIB)90060895</ns0:subfield><ns0:subfield code="2">bare</ns0:subfield></ns0:datafield><ns0:datafield ind1="1" ind2="7" tag="600"><ns0:subfield code="a">Undset, Sigrid</ns0:subfield><ns0:subfield code="d">1882-1949</ns0:subfield><ns0:subfield code="0">(NO-TrBIB)90055527</ns0:subfield><ns0:subfield code="2">bare</ns0:subfield></ns0:datafield><ns0:datafield ind1="1" ind2="7" tag="600"><ns0:subfield code="a">Sandel, Cora</ns0:subfield><ns0:subfield code="d">1880-1974</ns0:subfield><ns0:subfield code="0">(NO-TrBIB)90073481</ns0:subfield><ns0:subfield code="2">bare</ns0:subfield></ns0:datafield><ns0:datafield ind1="1" ind2="7" tag="600"><ns0:subfield code="a">Haslund, Ebba</ns0:subfield><ns0:subfield code="d">1917-2009</ns0:subfield><ns0:subfield code="0">(NO-TrBIB)90078559</ns0:subfield><ns0:subfield code="2">bare</ns0:subfield></ns0:datafield><ns0:datafield ind1=" " ind2="7" tag="655"><ns0:subfield code="a">Bokkapittel</ns0:subfield><ns0:subfield code="2">norvok</ns0:subfield></ns0:datafield><ns0:datafield ind1=" " ind2="7" tag="650"><ns0:subfield code="a">Forfattere</ns0:subfield><ns0:subfield code="2">norvok</ns0:subfield></ns0:datafield><ns0:datafield ind1=" " ind2="7" tag="650"><ns0:subfield code="a">Norsk litteratur</ns0:subfield><ns0:subfield code="2">norvok</ns0:subfield></ns0:datafield><ns0:datafield ind1="0" ind2=" " tag="773"><ns0:subfield code="t">Sted, fiksjon og historie</ns0:subfield><ns0:subfield code="d">Oslo : Nasjonalbiblioteket, 2020</ns0:subfield><ns0:subfield code="z">9788281862005</ns0:subfield><ns0:subfield code="w">999921257985902201</ns0:subfield></ns0:datafield><ns0:datafield ind1=" " ind2=" " tag="913"><ns0:subfield code="a">Collett</ns0:subfield><ns0:subfield code="b">NB</ns0:subfield></ns0:datafield></ns0:record>