
<ns0:record xsi:schemaLocation="http://www.loc.gov/MARC21/slim http://www.loc.gov/standards/marcxml/schema/MARC21slim.xsd"><ns0:leader>01496naa a2200313 c 4500</ns0:leader><ns0:controlfield tag="005">20210907131344.0</ns0:controlfield><ns0:controlfield tag="007">ta</ns0:controlfield><ns0:controlfield tag="008">210907s        gw ah  e |||||000 i ger| </ns0:controlfield><ns0:controlfield tag="001">999921542495002201</ns0:controlfield><ns0:datafield ind1=" " ind2=" " tag="040"><ns0:subfield code="a">NO-OsNB</ns0:subfield><ns0:subfield code="b">nob</ns0:subfield><ns0:subfield code="e">rda</ns0:subfield></ns0:datafield><ns0:datafield ind1="1" ind2=" " tag="100"><ns0:subfield code="a">Collett, Camilla</ns0:subfield><ns0:subfield code="d">1813-1895</ns0:subfield><ns0:subfield code="0">(NO-TrBIB)90091665</ns0:subfield><ns0:subfield code="4">aut</ns0:subfield></ns0:datafield><ns0:datafield ind1="1" ind2="0" tag="245"><ns0:subfield code="a">Drei Briefe aus Berlin nach Christiania:</ns0:subfield><ns0:subfield code="b">"Die Straßen von Berlin" (24. und 30. Oktober 1863) und "Das Museum - nun noch" (17. Dezember 1863)</ns0:subfield></ns0:datafield><ns0:datafield ind1="3" ind2="7" tag="246"><ns0:subfield code="a">Drei Briefe aus Berlin nach Christiania</ns0:subfield></ns0:datafield><ns0:datafield ind1="3" ind2="7" tag="246"><ns0:subfield code="a">Camilla Collett</ns0:subfield></ns0:datafield><ns0:datafield ind1=" " ind2="1" tag="264"><ns0:subfield code="c">2019</ns0:subfield></ns0:datafield><ns0:datafield ind1=" " ind2=" " tag="300"><ns0:subfield code="a">Side [91]-146</ns0:subfield><ns0:subfield code="b">illustrasjon, faksimile</ns0:subfield></ns0:datafield><ns0:datafield ind1=" " ind2=" " tag="336"><ns0:subfield code="a">tekst</ns0:subfield><ns0:subfield code="0">http://rdaregistry.info/termList/RDAContentType/1020</ns0:subfield><ns0:subfield code="2">rdaco</ns0:subfield></ns0:datafield><ns0:datafield ind1=" " ind2=" " tag="337"><ns0:subfield code="a">uformidlet</ns0:subfield><ns0:subfield code="0">http://rdaregistry.info/termList/RDAMediaType/1007</ns0:subfield><ns0:subfield code="2">rdamt</ns0:subfield></ns0:datafield><ns0:datafield ind1=" " ind2=" " tag="338"><ns0:subfield code="a">bind</ns0:subfield><ns0:subfield code="0">http://rdaregistry.info/termList/RDACarrierType/1049</ns0:subfield><ns0:subfield code="2">rdact</ns0:subfield></ns0:datafield><ns0:datafield ind1=" " ind2=" " tag="500"><ns0:subfield code="a">Brev fra: Samlede verker / Camilla Collett. Vol. 2. Mindeutgave</ns0:subfield></ns0:datafield><ns0:datafield ind1="1" ind2="7" tag="600"><ns0:subfield code="a">Collett, Camilla</ns0:subfield><ns0:subfield code="d">1813-1895</ns0:subfield><ns0:subfield code="0">(NO-TrBIB)90091665</ns0:subfield><ns0:subfield code="2">bare</ns0:subfield></ns0:datafield><ns0:datafield ind1="1" ind2="7" tag="600"><ns0:subfield code="a">Grøndahl, Agathe Backer</ns0:subfield><ns0:subfield code="d">1847-1907</ns0:subfield><ns0:subfield code="0">(NO-TrBIB)90230563</ns0:subfield><ns0:subfield code="2">bare</ns0:subfield></ns0:datafield><ns0:datafield ind1=" " ind2="7" tag="651"><ns0:subfield code="a">Berlin (Tyskland)</ns0:subfield><ns0:subfield code="2">norbok</ns0:subfield></ns0:datafield><ns0:datafield ind1=" " ind2=" " tag="662"><ns0:subfield code="a">Tyskland</ns0:subfield><ns0:subfield code="d">Berlin</ns0:subfield><ns0:subfield code="2">norbok</ns0:subfield></ns0:datafield><ns0:datafield ind1=" " ind2="7" tag="655"><ns0:subfield code="a">Bokkapitler</ns0:subfield><ns0:subfield code="0">https://id.nb.no/vocabulary/ntsf/42</ns0:subfield><ns0:subfield code="2">ntsf</ns0:subfield></ns0:datafield><ns0:datafield ind1=" " ind2="7" tag="655"><ns0:subfield code="a">Brev</ns0:subfield><ns0:subfield code="0">https://id.nb.no/vocabulary/ntsf/44</ns0:subfield><ns0:subfield code="2">ntsf</ns0:subfield></ns0:datafield><ns0:datafield ind1="0" ind2=" " tag="773"><ns0:subfield code="t">"Dat soll auch nicht jehen, dat soll fahren"</ns0:subfield><ns0:subfield code="d">Berlin : Nordeuropa-Institut der Humboldt-Universität, 2019</ns0:subfield><ns0:subfield code="z">9783932406409</ns0:subfield><ns0:subfield code="w">999921033893202201</ns0:subfield></ns0:datafield><ns0:datafield ind1=" " ind2=" " tag="913"><ns0:subfield code="a">Collett</ns0:subfield><ns0:subfield code="b">NB</ns0:subfield></ns0:datafield><ns0:datafield ind1=" " ind2=" " tag="913"><ns0:subfield code="a">Norbok</ns0:subfield><ns0:subfield code="b">NB</ns0:subfield></ns0:datafield></ns0:record>