
<ns0:record xsi:schemaLocation="http://www.loc.gov/MARC21/slim http://www.loc.gov/standards/marcxml/schema/MARC21slim.xsd"><ns0:leader>02051nam a2200397 c 4500</ns0:leader><ns0:controlfield tag="005">20211104172157.0</ns0:controlfield><ns0:controlfield tag="007">ta</ns0:controlfield><ns0:controlfield tag="008">200203s2019    no a   e m   |00||0 nob| </ns0:controlfield><ns0:controlfield tag="001">999921008594802201</ns0:controlfield><ns0:datafield ind1=" " ind2=" " tag="020"><ns0:subfield code="a">9788283642148</ns0:subfield><ns0:subfield code="q">heftet</ns0:subfield></ns0:datafield><ns0:datafield ind1=" " ind2=" " tag="040"><ns0:subfield code="a">NO-OsNB</ns0:subfield><ns0:subfield code="b">nob</ns0:subfield><ns0:subfield code="e">rda</ns0:subfield></ns0:datafield><ns0:datafield ind1="0" ind2=" " tag="041"><ns0:subfield code="a">nob</ns0:subfield><ns0:subfield code="b">eng</ns0:subfield></ns0:datafield><ns0:datafield ind1="0" ind2="4" tag="082"><ns0:subfield code="a">002.09481</ns0:subfield><ns0:subfield code="2">23/nor</ns0:subfield><ns0:subfield code="q">NO-OsHOA</ns0:subfield></ns0:datafield><ns0:datafield ind1="1" ind2=" " tag="100"><ns0:subfield code="a">Aslaksen, Kamilla</ns0:subfield><ns0:subfield code="d">1965-</ns0:subfield><ns0:subfield code="0">(NO-TrBIB)90771367</ns0:subfield><ns0:subfield code="4">aut</ns0:subfield></ns0:datafield><ns0:datafield ind1="1" ind2="0" tag="245"><ns0:subfield code="a">Amtmannens døtres liv :</ns0:subfield><ns0:subfield code="b">en bokhistorisk undersøkelse av Norges første moderne roman</ns0:subfield><ns0:subfield code="c">Kamilla Aslaksen</ns0:subfield></ns0:datafield><ns0:datafield ind1=" " ind2="1" tag="264"><ns0:subfield code="a">Oslo</ns0:subfield><ns0:subfield code="b">Institutt for arkiv-, bibliotek- og informasjonsfag, Fakultet for samfunnsvitenskap, OsloMet - Oslo storbyuniversitetet</ns0:subfield><ns0:subfield code="c">2019</ns0:subfield></ns0:datafield><ns0:datafield ind1=" " ind2=" " tag="300"><ns0:subfield code="a">323 sider</ns0:subfield><ns0:subfield code="b">illustrasjoner</ns0:subfield><ns0:subfield code="c">24 cm</ns0:subfield></ns0:datafield><ns0:datafield ind1=" " ind2=" " tag="336"><ns0:subfield code="a">tekst</ns0:subfield><ns0:subfield code="0">http://rdaregistry.info/termList/RDAContentType/1020</ns0:subfield><ns0:subfield code="2">rdaco</ns0:subfield></ns0:datafield><ns0:datafield ind1=" " ind2=" " tag="337"><ns0:subfield code="a">uformidlet</ns0:subfield><ns0:subfield code="0">http://rdaregistry.info/termList/RDAMediaType/1007</ns0:subfield><ns0:subfield code="2">rdamt</ns0:subfield></ns0:datafield><ns0:datafield ind1=" " ind2=" " tag="338"><ns0:subfield code="a">bind</ns0:subfield><ns0:subfield code="0">http://rdaregistry.info/termList/RDACarrierType/1049</ns0:subfield><ns0:subfield code="2">rdact</ns0:subfield></ns0:datafield><ns0:datafield ind1="1" ind2=" " tag="490"><ns0:subfield code="a">OsloMet avhandling</ns0:subfield><ns0:subfield code="v">2019 nr. 32</ns0:subfield><ns0:subfield code="x">2535-471X</ns0:subfield></ns0:datafield><ns0:datafield ind1=" " ind2=" " tag="502"><ns0:subfield code="a">Avhandling (ph.d.) - OsloMet - storbyuniversitetet, Oslo, 2019</ns0:subfield></ns0:datafield><ns0:datafield ind1=" " ind2=" " tag="546"><ns0:subfield code="a">Sammendrag på engelsk</ns0:subfield></ns0:datafield><ns0:datafield ind1=" " ind2=" " tag="533"><ns0:subfield code="a">Elektronisk reproduksjon</ns0:subfield><ns0:subfield code="b">[Norge]</ns0:subfield><ns0:subfield code="c">Nasjonalbiblioteket Digital</ns0:subfield><ns0:subfield code="d">2020-07-14</ns0:subfield></ns0:datafield><ns0:datafield ind1=" " ind2="7" tag="655"><ns0:subfield code="a">Doktoravhandlinger</ns0:subfield><ns0:subfield code="0">https://id.nb.no/vocabulary/ntsf/61</ns0:subfield><ns0:subfield code="2">ntsf</ns0:subfield></ns0:datafield><ns0:datafield ind1="2" ind2="7" tag="600"><ns0:subfield code="a">Collett, Camilla</ns0:subfield><ns0:subfield code="d">1813-1895</ns0:subfield><ns0:subfield code="t">Amtmandens Døtre</ns0:subfield><ns0:subfield code="0">(NO-TrBIB)90091665</ns0:subfield><ns0:subfield code="2">bare</ns0:subfield></ns0:datafield><ns0:datafield ind1=" " ind2="7" tag="650"><ns0:subfield code="a">Romaner</ns0:subfield><ns0:subfield code="0">(NO-TrBIB)HUME06726</ns0:subfield><ns0:subfield code="2">humord</ns0:subfield></ns0:datafield><ns0:datafield ind1=" " ind2="7" tag="650"><ns0:subfield code="a">Bokhistorie (Faget)</ns0:subfield><ns0:subfield code="0">(NO-TrBIB)HUME00131</ns0:subfield><ns0:subfield code="2">humord</ns0:subfield></ns0:datafield><ns0:datafield ind1="2" ind2=" " tag="710"><ns0:subfield code="a">OsloMet - storbyuniversitetet</ns0:subfield><ns0:subfield code="b">Institutt for arkiv-, bibliotek- og informasjonsfag</ns0:subfield><ns0:subfield code="0">(NO-TrBIB)1535375965877</ns0:subfield><ns0:subfield code="4">dgg</ns0:subfield></ns0:datafield><ns0:datafield ind1="2" ind2=" " tag="710"><ns0:subfield code="a">OsloMet - storbyuniversitetet</ns0:subfield><ns0:subfield code="0">(NO-TrBIB)1512647517540</ns0:subfield><ns0:subfield code="4">pbl</ns0:subfield></ns0:datafield><ns0:datafield ind1=" " ind2="0" tag="830"><ns0:subfield code="a">Avhandling (OsloMet - storbyuniversitetet : trykt utg.)</ns0:subfield><ns0:subfield code="v">2019 nr. 32</ns0:subfield><ns0:subfield code="w">999920462794202201</ns0:subfield><ns0:subfield code="x">2535-471X</ns0:subfield></ns0:datafield><ns0:datafield ind1="4" ind2="1" tag="856"><ns0:subfield code="3">Fulltekst</ns0:subfield><ns0:subfield code="u">https://www.nb.no/search?q=oaiid:"oai:nb.bibsys.no:999920044504602202"&amp;mediatype=bøker</ns0:subfield><ns0:subfield code="y">Nettbiblioteket</ns0:subfield><ns0:subfield code="z">Søke-URL</ns0:subfield></ns0:datafield><ns0:datafield ind1=" " ind2=" " tag="913"><ns0:subfield code="a">Norbok</ns0:subfield><ns0:subfield code="b">NB</ns0:subfield></ns0:datafield><ns0:datafield ind1=" " ind2=" " tag="913"><ns0:subfield code="a">Littforsk</ns0:subfield><ns0:subfield code="b">NB</ns0:subfield></ns0:datafield><ns0:datafield ind1=" " ind2=" " tag="913"><ns0:subfield code="a">Collett</ns0:subfield><ns0:subfield code="b">NB</ns0:subfield></ns0:datafield><ns0:datafield ind1=" " ind2=" " tag="917"><ns0:subfield code="a">d</ns0:subfield></ns0:datafield></ns0:record>