
<ns0:record xsi:schemaLocation="http://www.loc.gov/MARC21/slim http://www.loc.gov/standards/marcxml/schema/MARC21slim.xsd"><ns0:leader>02035nam a2200421 c 4500</ns0:leader><ns0:controlfield tag="005">20211221145954.0</ns0:controlfield><ns0:controlfield tag="007">ta</ns0:controlfield><ns0:controlfield tag="008">200923s2020    no     e m   |00||0 eng| </ns0:controlfield><ns0:controlfield tag="001">999921225181302201</ns0:controlfield><ns0:datafield ind1=" " ind2=" " tag="020"><ns0:subfield code="q">heftet</ns0:subfield></ns0:datafield><ns0:datafield ind1=" " ind2=" " tag="040"><ns0:subfield code="a">NO-OsNB</ns0:subfield><ns0:subfield code="b">nob</ns0:subfield><ns0:subfield code="e">rda</ns0:subfield></ns0:datafield><ns0:datafield ind1="0" ind2="4" tag="082"><ns0:subfield code="a">305.409034</ns0:subfield><ns0:subfield code="2">23/nor</ns0:subfield><ns0:subfield code="q">NoOU</ns0:subfield></ns0:datafield><ns0:datafield ind1="1" ind2=" " tag="100"><ns0:subfield code="a">Karlsen, Heidi</ns0:subfield><ns0:subfield code="0">(NO-TrBIB)90863619</ns0:subfield><ns0:subfield code="4">aut</ns0:subfield></ns0:datafield><ns0:datafield ind1="1" ind2="2" tag="245"><ns0:subfield code="a">A discourse analysis of woman's place in society 1830-1880 through Data Mining the Digital Bookshelf</ns0:subfield><ns0:subfield code="c">Heidi Karlsen</ns0:subfield></ns0:datafield><ns0:datafield ind1=" " ind2="1" tag="264"><ns0:subfield code="a">[Oslo]</ns0:subfield><ns0:subfield code="b">University of Oslo, Department of Linguistics and Scandinavian Studies</ns0:subfield><ns0:subfield code="c">2020</ns0:subfield></ns0:datafield><ns0:datafield ind1=" " ind2=" " tag="300"><ns0:subfield code="a">283 sider</ns0:subfield><ns0:subfield code="c">24 cm</ns0:subfield></ns0:datafield><ns0:datafield ind1=" " ind2=" " tag="336"><ns0:subfield code="a">tekst</ns0:subfield><ns0:subfield code="0">http://rdaregistry.info/termList/RDAContentType/1020</ns0:subfield><ns0:subfield code="2">rdaco</ns0:subfield></ns0:datafield><ns0:datafield ind1=" " ind2=" " tag="337"><ns0:subfield code="a">uformidlet</ns0:subfield><ns0:subfield code="0">http://rdaregistry.info/termList/RDAMediaType/1007</ns0:subfield><ns0:subfield code="2">rdamt</ns0:subfield></ns0:datafield><ns0:datafield ind1=" " ind2=" " tag="338"><ns0:subfield code="a">bind</ns0:subfield><ns0:subfield code="0">http://rdaregistry.info/termList/RDACarrierType/1049</ns0:subfield><ns0:subfield code="2">rdact</ns0:subfield></ns0:datafield><ns0:datafield ind1=" " ind2=" " tag="500"><ns0:subfield code="a">Også om blant andre Camilla Collett</ns0:subfield></ns0:datafield><ns0:datafield ind1=" " ind2=" " tag="502"><ns0:subfield code="a">Avhandling (ph.d.) - Universitetet i Oslo, 2020</ns0:subfield></ns0:datafield><ns0:datafield ind1=" " ind2=" " tag="533"><ns0:subfield code="a">Elektronisk reproduksjon</ns0:subfield><ns0:subfield code="b">[Norge]</ns0:subfield><ns0:subfield code="c">Nasjonalbiblioteket Digital</ns0:subfield><ns0:subfield code="d">2020-10-20</ns0:subfield></ns0:datafield><ns0:datafield ind1=" " ind2="7" tag="655"><ns0:subfield code="a">Doktoravhandlinger</ns0:subfield><ns0:subfield code="0">https://id.nb.no/vocabulary/ntsf/61</ns0:subfield><ns0:subfield code="2">ntsf</ns0:subfield></ns0:datafield><ns0:datafield ind1="1" ind2="7" tag="600"><ns0:subfield code="a">Collett, Camilla</ns0:subfield><ns0:subfield code="d">1813-1895</ns0:subfield><ns0:subfield code="0">(NO-TrBIB)90091665</ns0:subfield><ns0:subfield code="2">bare</ns0:subfield></ns0:datafield><ns0:datafield ind1=" " ind2="7" tag="650"><ns0:subfield code="a">Tekstlingvistikk</ns0:subfield><ns0:subfield code="0">(NO-TrBIB)HUME06236</ns0:subfield><ns0:subfield code="2">humord</ns0:subfield></ns0:datafield><ns0:datafield ind1=" " ind2="7" tag="650"><ns0:subfield code="a">Kvinner</ns0:subfield><ns0:subfield code="0">(NO-TrBIB)HUME07186</ns0:subfield><ns0:subfield code="2">humord</ns0:subfield></ns0:datafield><ns0:datafield ind1=" " ind2="7" tag="650"><ns0:subfield code="a">Samfunn</ns0:subfield><ns0:subfield code="0">(NO-TrBIB)HUME09164</ns0:subfield><ns0:subfield code="2">humord</ns0:subfield></ns0:datafield><ns0:datafield ind1=" " ind2="7" tag="648"><ns0:subfield code="a">1800-tallet</ns0:subfield><ns0:subfield code="0">(NO-TrBIB)HUME10978</ns0:subfield><ns0:subfield code="2">humord</ns0:subfield></ns0:datafield><ns0:datafield ind1=" " ind2="7" tag="655"><ns0:subfield code="a">Doktoravhandlinger</ns0:subfield><ns0:subfield code="0">(NO-TrBIB)HUME01029</ns0:subfield><ns0:subfield code="2">humord</ns0:subfield></ns0:datafield><ns0:datafield ind1=" " ind2="7" tag="650"><ns0:subfield code="a">Datautvinning</ns0:subfield><ns0:subfield code="0">(NO-TrBIB)HUME26707</ns0:subfield><ns0:subfield code="2">humord</ns0:subfield></ns0:datafield><ns0:datafield ind1=" " ind2="7" tag="650"><ns0:subfield code="a">Digital humaniora</ns0:subfield><ns0:subfield code="0">(NO-TrBIB)HUME27908</ns0:subfield><ns0:subfield code="2">humord</ns0:subfield></ns0:datafield><ns0:datafield ind1="2" ind2=" " tag="710"><ns0:subfield code="a">Universitetet i Oslo</ns0:subfield><ns0:subfield code="b">Institutt for lingvistiske og nordiske studier</ns0:subfield><ns0:subfield code="0">(NO-TrBIB)5080848</ns0:subfield><ns0:subfield code="4">dgg</ns0:subfield></ns0:datafield><ns0:datafield ind1="2" ind2=" " tag="710"><ns0:subfield code="a">Universitetet i Oslo</ns0:subfield><ns0:subfield code="b">Det humanistiske fakultet</ns0:subfield><ns0:subfield code="0">(NO-TrBIB)5038483</ns0:subfield><ns0:subfield code="4">pbl</ns0:subfield></ns0:datafield><ns0:datafield ind1="4" ind2="1" tag="856"><ns0:subfield code="3">Fulltekst</ns0:subfield><ns0:subfield code="u">https://www.nb.no/search?q=oaiid:"oai:nb.bibsys.no:999920093289902202"&amp;mediatype=bøker</ns0:subfield><ns0:subfield code="y">Nettbiblioteket</ns0:subfield><ns0:subfield code="z">Søke-URL</ns0:subfield></ns0:datafield><ns0:datafield ind1=" " ind2=" " tag="913"><ns0:subfield code="a">Norbok</ns0:subfield><ns0:subfield code="b">NB</ns0:subfield></ns0:datafield><ns0:datafield ind1=" " ind2=" " tag="913"><ns0:subfield code="a">Littforsk</ns0:subfield><ns0:subfield code="b">NB</ns0:subfield></ns0:datafield><ns0:datafield ind1=" " ind2=" " tag="913"><ns0:subfield code="a">Collett</ns0:subfield><ns0:subfield code="b">NB</ns0:subfield></ns0:datafield><ns0:datafield ind1=" " ind2=" " tag="917"><ns0:subfield code="a">d</ns0:subfield></ns0:datafield></ns0:record>
</collection>